3144 5344
1186 402 1250 462 VH

188 588 284 649 Foliis
312 590 382 650 inde
405 611 422 649 a
445 589 577 650 secundo
600 603 683 650 recto
707 611 802 666 usque
826 591 863 651 ad
886 593 926 650 85
951 611 1070 652 uersum
1093 591 1251 652 duodecim
1343 581 1347 592 ’

101 687 326 770 dialogorum*)
355 693 488 754 Senecae
517 694 586 754 libri
617 695 807 754 continentur
836 695 899 768 uel,
935 701 966 754 ut
994 695 1106 754 rectius
1135 695 1251 770 loquar,

100 795 264 872 reliquiae,
299 817 377 873 qnae
410 819 447 858 ex
480 797 527 858 hie
561 799 646 858 libris
680 805 857 875 supersunt;
892 799 951 858 iam
986 799 1064 858 enim
1088 798 1251 858 communis

102 899 236 959 omnium
267 900 404 962 codicum
431 910 604 962 nostrorum
632 901 825 979 archetypus,
861 922 897 960 ex
925 921 983 978 quo
1007 901 1102 961 codex
1125 901 1252 960 Ambro-

102 1004 209 1063 sianus
242 1003 415 1084 descriptus
450 1013 506 1080 est,
540 1005 690 1082 quaedam
723 1023 833 1084 passus
867 1003 975 1064 damna
1008 1011 1073 1064 erat
1103 1011 1133 1064 et
1162 1025 1254 1064 unum

102 1113 212 1184 postea
239 1127 349 1186 passus
378 1115 425 1168 est
451 1110 517 1188 ipse
540 1109 773 1182 Ambrosianus,
809 1128 886 1184 quae
914 1107 951 1166 de
980 1107 1036 1166 hac
1065 1127 1097 1167 re
1125 1107 1252 1167 dicenda

103 1215 185 1280 sunt,
214 1211 244 1268 in
267 1213 479 1272 commentario
503 1213 606 1272 critico
629 1232 720 1290 pagg.
745 1212 795 1284 53,
824 1211 896 1286 252,
926 1211 996 1284 263,
1027 1212 1087 1269 339
1111 1229 1156 1287 sq.
1181 1210 1251 1270 dixi.

103 1312 190 1372 Haec
214 1313 313 1372 omnia
336 1315 471 1392 exceptis
501 1315 547 1388 iis,
582 1335 659 1391 quae
681 1315 712 1374 in
735 1314 830 1393 prime
854 1313 917 1373 folii
940 1313 1110 1374 duodecimi
1132 1315 1252 1392 pagine,

104 1416 223 1476 initium
244 1416 313 1476 libri
334 1418 423 1495 primi
446 1417 483 1477 de
506 1419 551 1477 ira
573 1420 754 1492 continente,
789 1418 903 1496 scripta
926 1425 1005 1484 sunt,
1037 1417 1143 1476 eadem
1165 1437 1254 1476 manu

105 1515 164 1592 (Ν)
193 1527 315 1579 armata
344 1529 429 1594 sunt,
464 1522 584 1583 litterae
614 1530 685 1582 sunt
712 1521 962 1599 Langobardioae
990 1541 1025 1580 ea
1054 1519 1160 1594 forma,
1195 1540 1253 1596 qua

104 1622 386 1684 Montecasinenses
416 1626 593 1685 utebantur:
628 1646 705 1702 quae
728 1626 879 1705 scriptura
902 1645 970 1684 cum
993 1623 1044 1682 diu
1066 1623 1124 1682 sibi
1148 1623 1254 1682 similis

104 1727 259 1802 manserit,
294 1733 376 1786 certo
400 1727 517 1788 definiri
539 1750 598 1790 non
620 1735 731 1808 potest,
767 1749 825 1805 quo
848 1735 982 1807 tempore
1005 1726 1100 1787 codex
1122 1727 1254 1806 scriptus

106 1829 155 1904 sit,
190 1829 246 1888 sed
277 1829 334 1889 hoc
366 1837 468 1890 tamen
501 1831 651 1892 adfirmari
684 1851 775 1911 posse
808 1831 937 1906 uidetur,
972 1851 1040 1890 enm
1062 1829 1155 1889 multu
1185 1837 1254 1907 post

104 1933 223 1990 initium
245 1951 324 1992 saec.
348 1933 398 1992 XI
420 1935 566 2015 scriptum
588 1956 657 1996 esse
678 1957 738 1996 non
759 1955 864 2014 posse;
898 1934 963 1993 fieri
986 1954 1057 1993 uero
1080 1941 1190 2012 potest,
1221 1939 1255 1992 ut

107 2035 197 2094 etiam
231 2037 352 2097 saeculo
386 2038 536 2114 antiquior
563 2040 612 2099 sit.
669 2039 753 2112 Quae
780 2040 811 2098 in
839 2059 899 2098 una
925 2037 977 2097 illa
1004 2037 1130 2116 pagina,
1165 2057 1255 2112 quam

107 2157 200 2217 supra
227 2139 369 2216 indicaui,
404 2143 518 2221 scripta
546 2149 625 2218 sunt,
660 2143 748 2221 plane
778 2143 933 2202 diuersum
963 2141 1131 2218 scripturae
1158 2160 1254 2218 genus

108 2242 259 2318 exhibent,
293 2264 350 2305 nec
380 2252 450 2305 ante
480 2265 558 2306 saec.
582 2246 670 2320 XIV,
705 2246 836 2306 fortasse
867 2246 957 2308 etiam
985 2243 1105 2304 saeculo
1134 2243 1255 2302 demum

108 2344 182 2419 XV,
217 2346 332 2424 scripte
360 2368 428 2408 esse
457 2369 574 2410 mecum
604 2351 760 2410 Gustauus
788 2350 899 2408 Loewe
928 2348 1146 2407 consentiebat.
1208 2347 1262 2430 De

108 2449 382 2527 subscriptionibus
411 2452 566 2528 titulisque
595 2453 779 2530 singulorum
810 2452 954 2510 librorum
982 2451 1013 2510 in
1042 2448 1254 2509 commentario

109 2551 211 2610 critico
235 2553 298 2612 suis
321 2555 395 2613 locis
419 2554 550 2630 dixi;**)
573 2556 621 2615 hic
645 2555 722 2620 addo
745 2575 838 2633 supra
855 2555 980 2633 primam
997 2553 1137 2632 paginam
1153 2552 1254 2612 unius-

109 2654 253 2731 cuiusque
286 2656 351 2716 folii
384 2677 479 2734 usque
513 2659 551 2718 ad
584 2657 637 2718 fol.
660 2661 720 2718 ·81r
755 2678 845 2718 manu
878 2658 967 2736 plane
993 2656 1108 2716 recenti
1128 2655 1255 2740 'titulum

109 2757 172 2816 eius
199 2757 278 2834 libri,
313 2760 352 2819 ad
380 2781 470 2836 quem
498 2761 602 2822 folium
630 2762 679 2822 uel
701 2763 813 2842 pagina
834 2760 975 2840 pertinet,
1009 2759 1154 2837 scriptum
1177 2777 1254 2830 esse,
1312 2745 1315 2750 ¹

109 2859 166 2918 nisi
199 2861 281 2937 quod
313 2863 419 2923 titulus
453 2865 522 2924 libri
556 2865 593 2925 de
614 2863 689 2926 'otio
723 2866 841 2924 omnino
875 2884 934 2924 non
967 2863 1134 2931 inuenitur,
1174 2861 1256 2938 quod

111 2963 225 3023 scilicet
250 2964 319 3025 ideo
342 2967 535 3044 factumest,
569 2970 639 3046 quia
661 2969 710 3029 hic
732 2968 809 3027 liber
831 2988 897 3027 cum
921 2966 1111 3028 antecedenti
1134 2964 1171 3024 de
1193 2966 1256 3026 uita

110 3066 198 3126 beata
230 3078 354 3148 propter
387 3071 543 3152 archetypi
576 3073 714 3132 lacunam
743 3071 907 3144 coaluerat3
942 3071 1045 3146 itaque
1072 3088 1108 3128 ea
1137 3087 1256 3144 quoque

114 3169 194 3246 folia,
229 3192 306 3247 quae
336 3173 374 3234 ad
402 3175 512 3234 librum
541 3175 579 3236 de
602 3176 661 3235 otio
684 3175 846 3253 pertinent,
880 3174 1001 3232 titulum
1023 3172 1061 3232 de
1084 3171 1147 3230 uita
1160 3171 1260 3232 ‘beata

114 3275 297 3352 praeferunt.
353 3277 421 3344 Hoc
449 3298 569 3355 quoque
597 3277 801 3338 adnotandum
829 3283 886 3352 est,
919 3276 997 3336 hanc
1020 3295 1141 3334 manum
1163 3274 1260 3334 ultimi

115 3377 224 3456 dialogi
252 3379 332 3440 foliis
353 3381 459 3459 primis
493 3382 573 3452 (nam
596 3388 697 3441 cetera
720 3379 799 3440 omni
821 3379 1017 3458 inscriptione
1040 3373 1157 3451 carent)
1190 3378 1260 3436 titu-

115 3483 184 3557 lum,
207 3483 258 3559 qni
280 3491 328 3543 est
350 3479 400 3543 ‘od
409 3485 542 3546 mbram
564 3491 684 3544 mabam
706 3485 739 3544 de
761 3485 970 3558 consocians,
992 3480 1195 3560 inscripsisse.
1221 3511 1259 3522 -

115 3585 197 3644 Folio
219 3587 260 3644 86
289 3593 373 3647 recto
401 3589 542 3666 leguntur
570 3609 615 3662 ea,
649 3608 725 3664 quae
748 3587 814 3646 Sos.
838 3585 1042 3662 Hieronymus
1069 3585 1101 3643 in
1123 3585 1199 3644 libro
1222 3584 1260 3644 de

115 3688 186 3747 uiris
215 3690 394 3750 inlustribus
423 3690 461 3751 ds
489 3693 604 3752 Seneca
634 3690 766 3770 scripsit,
800 3688 909 3749 deinde
935 3689 1032 3767 prima
1061 3687 1193 3747 Senecae
1222 3686 1260 3746 ad

203 3807 287 3814 --.η-
324 3809 337 3814 .-

138 3868 166 3936 *l
184 3871 228 3925 De
245 3871 480 3941 Dialogorum
497 3875 614 3930 nomine
632 3871 808 3928 conferenda
826 3877 902 3938 suut,
931 3887 1004 3938 quae
1023 3887 1077 3939 ego
1096 3867 1177 3924 Stnd.
1197 3868 1260 3923 crit.

181 3973 208 4025 p.
227 3957 277 4012 134
300 3977 362 4029 sqq.
387 3959 535 4030 disputaui
562 3967 592 4017 et
614 3966 681 4029 post
703 3977 749 4015 me
776 3957 808 4014 O.
826 3955 980 4012 Rossbach
1002 3956 1033 4011 in
1054 3955 1180 4011 Hermae
1202 3954 1259 4008 uol.

181 4043 275 4112 XVII,
294 4061 320 4114 p.
340 4045 391 4100 365
409 4064 481 4116 sqq,
500 4047 547 4102 cui
565 4053 664 4102 tamen
682 4045 799 4101 mininie
817 4061 869 4114 per
888 4042 984 4098 omnia
1001 4041 1157 4096 adsentior.

117 4127 163 4194 Vi)
181 4128 264 4194 Quod
282 4130 419 4186 librarius
438 4133 680 4202 subscriptionem
699 4131 767 4187 libri
785 4129 820 4186 de
839 4129 907 4194 oti0,
927 4127 951 4182 si
969 4126 1054 4182 modo
1072 4127 1159 4182 huius
1174 4125 1260 4182 finem

181 4215 329 4282 habemus,
357 4217 534 4287 titulumque
560 4219 628 4274 libri
655 4216 690 4273 de
717 4223 811 4286 tranq.
830 4234 876 4270 an.
895 4214 1001 4280 omisit,
1028 4213 1083 4267 hoc
1110 4212 1175 4267 ideo
1195 4229 1261 4267 eum

182 4301 286 4358 secisse
310 4310 388 4373 puto,
414 4304 499 4373 qnod,
523 4324 589 4361 cum
611 4303 726 4359 amissis
750 4299 898 4360 nonnullis
921 4299 1074 4371 archetypi
1096 4297 1174 4352 foliis
1192 4297 1260 4352 libri

183 4387 218 4443 de
240 4389 303 4444 uite
326 4391 413 4446 beata
436 4397 467 4446 et
490 4389 525 4446 de
544 4391 604 4446 otio
622 4391 652 4445 in
669 4408 760 4444 unum
779 4386 964 4444 coaluissent.
991 4404 1050 4441 non
1067 4385 1260 4453 intellegeret,

183 4475 232 4544 qui
250 4475 312 4532 fieri
330 4483 438 4546 posset,
458 4477 534 4532 ntis
552 4477 634 4540 liber,
654 4475 735 4531 cuins
754 4473 884 4543 proxime
903 4479 990 4528 antea
1008 4472 1126 4526 titrdnm
1144 4470 1179 4525 de
1197 4470 1260 4524 uita

183 4563 269 4616 beata
287 4562 460 4632 scripsisset,
479 4563 510 4618 in
528 4562 584 4619 fine
603 4561 848 4632 subscriptionem
866 4559 901 4614 de
920 4558 979 4613 otio
998 4557 1132 4624 haberet,
1150 4556 1260 4624 aliquid

183 4647 272 4716 igitur
296 4647 359 4703 sine
383 4647 471 4702 dubio
495 4648 543 4702 hic
567 4655 695 4704 erratum
715 4665 778 4703 esse
797 4645 914 4716 putauit
932 4663 986 4702 nec
1004 4661 1132 4700 errorem
1151 4642 1257 4699 exscri-

182 4733 251 4788 bere
269 4735 369 4790 noluit.
