3228 5330
174 371 180 383 .
269 321 332 387 296
492 346 520 386 a.
544 347 662 388 suanm
683 346 821 388 sunnonis
842 347 1043 390 nranoooavu
1063 348 1126 387 nra.
1148 348 1192 386 rx.

271 518 308 576 et
327 511 450 576 misera
478 511 532 594 sit,
566 510 621 574 cui
647 509 786 576 fortuna
808 532 911 596 saepe
934 509 1061 598 aliquid
1090 515 1278 596 extorquet,
1312 518 1347 577 et
1368 511 1418 577 le-

161 691 163 696 ,
269 620 358 685 uitas
386 619 492 685 multo
521 619 658 705 grauior
686 639 853 703 nusquam
876 641 913 684 se
937 619 1130 685 continens:
1164 625 1344 705 utrumque
1367 621 1418 684 in-

268 727 395 793 festum
428 735 480 794 est
513 727 761 813 tranquillitati,
796 734 831 792 et
858 726 944 792 nihil
969 734 1102 792 mutare
1137 749 1239 813 posse
1273 735 1308 792 et
1334 727 1417 792 nihil

234 836 350 922 ipati.
385 835 513 921 Utique
532 837 661 902 animus
677 837 720 902 ab
739 837 894 902 omnibus
918 836 1066 901 extemis
1087 837 1124 901 in
1144 859 1183 902 se
1205 837 1416 902 reuocandus

234 1027 236 1034 γ
270 951 337 1011 est:
366 945 431 1010 sibi
454 945 613 1028 confidat,
636 966 674 1010 se
696 943 854 1031 gaudeat,
878 966 939 1010 sua
956 944 1289 1031 suspiciat‚'recadat
1312 967 1446 1030 quan-a

268 1059 341 1118 tum
360 1047 490 1139 'potest
523 1053 565 1118 ab
600 1053 719 1119 ahenis
753 1060 789 1119 et
821 1075 858 1118 se
892 1053 958 1118 sibi
992 1051 1156 1138 adplicet,
1194 1053 1318 1119 damna
1347 1075 1418 1119 non

234 1159 410 1245 3sentiat,
451 1161 554 1227 etiam
587 1161 731 1227 aduersa
763 1162 912 1248 benigne
944 1162 1196 1247 interpretetur.
1252 1161 1415 1228 Nuntiato

267 1269 446 1356 naufragio
465 1271 584 1336 Zenon
605 1277 732 1354 noster,
756 1277 832 1335 cum
854 1268 968 1335 omnia
991 1291 1052 1334 sua
1074 1269 1206 1334 audiret
1228 1270 1415 1336 submersa:

271 1377 404 1462 ,iubet“
428 1377 538 1463 inquit
557 1400 630 1464 ,me
646 1376 786 1444 fortuna
804 1377 994 1465 expeditius
1012 1377 1274 1464 philosophari.“
1307 1377 1416 1443 Mina-

267 1486 369 1551 batur
397 1485 579 1553 Theodoro
611 1486 816 1573 philosopho
848 1493 1011 1571 tyrannus
1044 1493 1189 1552 mortem
1218 1492 1254 1552 et
1282 1487 1417 1572 quidem
1431 1515 1460 1554 a

266 1594 486 1680 insepultam:
534 1594 679 1681 ,habes“
718 1596 845 1680 inquit,
882 1617 961 1680 ,cur
998 1594 1063 1659 tibi
1095 1594 1249 1681 placeas,
1281 1594 1417 1660 hemina

269 1701 444 1786 sanguinis
474 1702 509 1766 in
539 1707 599 1769 tua
625 1709 798 1789 potestate
829 1711 895 1787 est;
928 1725 1008 1768 nam
1031 1702 1122 1788 quod
1145 1702 1189 1768 ad
1211 1704 1417 1790 sepulturam

268 1809 434 1895 pertinet,
475 1832 494 1876 o
528 1816 563 1875 te
595 1811 765 1898 ineptum,
805 1812 834 1877 si
865 1819 966 1899 putas
999 1833 1077 1877 mea
1107 1812 1283 1895 interesse,
1317 1834 1419 1898 supra

234 1918 396 1983 4terram
423 1940 469 1983 an
496 1917 585 1984 infra
611 1919 832 2002 putrescam“
890 1920 1000 1987 Canus
1033 1920 1155 2004 Iulius,
1182 1920 1236 1984 uir
1266 1920 1418 2006 inprimis

267 2048 422 2110 magnus,
457 2027 551 2093 cuius
585 2027 800 2094 admirationi
825 2051 870 2094 ne
901 2027 968 2094 hoc
1002 2029 1140 2114 quidem
1170 2033 1294 2114 opstat,
1329 2028 1420 2114 quod
1433 2055 1462 2093 a

267 2141 386 2200 nostro
416 2136 551 2201 saeculo
580 2143 680 2202 natus
710 2144 779 2221 est,
813 2159 890 2202 cum
911 2138 997 2203 Gaio
1029 2136 1087 2202 diu
1109 2135 1309 2221 altercatus,
1342 2143 1421 2223 post

269 2266 370 2329 quam
393 2244 532 2310 abeunti
554 2243 708 2310 Phalaris
730 2244 788 2309 ille
812 2245 911 2310 dixit:
938 2268 1000 2330 ,ne
1021 2243 1112 2310 forte
1133 2245 1253 2331 inepta
1275 2267 1335 2331 spe
1357 2244 1422 2309 tibi

267 2352 463 2437 blandiaris,
498 2352 578 2418 duci
611 2358 647 2418 te
680 2352 793 2436 iussi“,
826 2353 992 2438 ,gratias“
1023 2353 1134 2438 inquit
1163 2375 1259 2439 ,aga
1294 2351 1421 2439 optime

233 2462 250 2516 5
268 2459 458 2548 princeps.“
517 2459 609 2538 Quid
631 2461 776 2526 senserit
798 2461 929 2546 dubito,
959 2462 1066 2527 multa
1087 2462 1178 2526 enim
1199 2460 1282 2525 mihi
1305 2482 1421 2525 occur·

267 2575 361 2635 runt:
396 2569 668 2636 contumeliosus
692 2591 766 2634 esse
788 2569 897 2635 uoluit
920 2576 955 2635 et
977 2570 1168 2653 ostendere,
1199 2573 1327 2654 quanta
1349 2590 1422 2632 cru-
1435 2595 1464 2634 aa

268 2675 395 2747 delites,
415 2683 514 2763 esset,
537 2678 574 2742 in
597 2699 664 2762 qua
682 2699 773 2743 mors
791 2677 995 2743 beneficium
1018 2679 1115 2744 erat?
1138 2700 1183 2743 an
1206 2675 1424 2763 exprobrauit

266 2785 316 2850 illi
336 2784 542 2851 cotidianam
562 2784 791 2864 dementiam?
815 2786 965 2872 agebant
983 2788 1074 2852 enim
1090 2786 1219 2873 gratias
1235 2792 1270 2850 et
1282 2805 1425 2870 quorum

267 2894 368 2958 liberi
402 2893 506 2958 occisi
539 2898 575 2958 et
602 2914 745 2977 quorum
773 2894 866 2959 bona
897 2895 1011 2960 ablata
1038 2901 1150 2978 erant;
1185 2901 1229 2959 a'n
1250 2899 1425 2978 tamquam

266 3002 461 3066 libertatem
493 3001 640 3066 libenter
673 3000 827 3087 accepit?
872 3002 1043 3088 Quicquid
1064 3009 1126 3087 est,
1156 3023 1281 3086 magno
1305 3000 1422 3066 animo

232 3107 452 3194 Grespondit.
507 3109 609 3173 Dicet
641 3108 776 3194 aliquis:
813 3111 944 3196 ,potuit
973 3117 1052 3197 post
1080 3110 1146 3177 hoc
1172 3109 1290 3174 iubere
1317 3107 1414 3172 illum
1438 3113 1499 3174 aa*

247 3251 249 3256 ·
269 3216 375 3281 Gaius
397 3215 546 3282 uiuere“.
601 3217 679 3282 Non
707 3216 822 3283 timuit
844 3217 910 3284 hoo
934 3218 1062 3309 Canus:
1090 3225 1174 3284 nota
1203 3223 1277 3282 erat
1299 3216 1364 3282 Gai
1384 3216 1422 3280 in

176 3323 182 3330 ”
268 3324 394 3390 talibus
440 3325 591 3410 imperiis
631 3323 727 3390 fides.
796 3324 959 3390 Credisne
997 3326 1092 3391 illum
1132 3327 1251 3391 decem
1290 3323 1422 3389 medios

267 3453 375 3516 usque
406 3432 457 3496 ad.
478 3433 682 3518 supplicium
712 3432 784 3498 dies
807 3433 881 3498 sine
903 3434 972 3499 ulla
994 3433 1222 3500 sollicitudine
1246 3431 1422 3518 exegisse?

267 3538 342 3603 ueri
371 3538 479 3603 simile
512 3563 582 3606 non
615 3547 676 3626 est,
710 3562 797 3626 quae
834 3541 883 3606 uir
914 3541 972 3606 ille
1006 3542 1137 3627 dixerit,
1171 3564 1258 3626 quas
1291 3539 1421 3623 fecerit,

235 3658 370 3732 'dquam
391 3647 428 3712 in
449 3649 632 3734 tranquillo
655 3647 767 3745 fuerit.
807 3648 977 3716 'Ludebat
1003 3650 1212 3734 latrunculis
1242 3671 1319 3714 cum
1342 3669 1421 3712 cen·
1435 3677 1462 3714 a

269 3923 285 3976 6
315 3920 437 3999 applied
455 3919 489 3977 l⁶
591 3922 609 3975 8
635 3922 786 3977 submersa
804 3921 850 3991 Δις
869 3924 1021 3991 submersa
1039 3939 1108 3978 corr.
1125 3939 1161 3977 m.
1179 3924 1318 3977 recentior.

268 4056 398 4125 9inquii
413 4056 460 4123 A⁵;
478 4009 581 4127 inquid
598 4058 670 4113 ΑῙ-9
757 4060 789 4111 10
806 4058 982 4115 tirannusll
1070 4059 1100 4112 11
1119 4057 1183 4126 inqt
1198 4056 1245 4125 Aa
1263 4009 1334 4128 inqd
1352 4057 1424 4115 ΑΗ

269 4142 346 4208 (item
358 4143 443 4209 u·18‚·
457 4143 558 4210 aaa,
577 4144 635 4206 24)
689 4143 722 4196 13
739 4143 867 4214 ptindah
885 4144 967 4210 (nihil
981 4145 1025 4198 hic
1040 4142 1218 4209 ercamrai).
1274 4144 1306 4197 14
1325 4141 1423 4198 (lanus

269 4226 369 4294 scripsi
381 4242 448 4280 oum
465 4228 546 4295 aliis;
566 4228 670 4281 Kanus
688 4228 739 4283 iai.
760 4228 782 4285 Α
800 4244 833 4282 ec
850 4229 1034 4283 rescribendi
1048 4234 1203 4296 praecepio,
1222 4229 1294 4296 qaod
1311 4244 1422 4283 comme·

268 4318 360 4366 morai
376 4311 490 4380 Quintil.
509 4312 535 4380 I,
554 4309 578 4380 7,
597 4315 632 4367 10
649 4312 710 4380 (cfr.
728 4330 788 4382 cap.
807 4315 848 4381 17,
867 4315 918 4367 12.-
935 4313 1118 4380 karissime),·
1136 4314 1184 4367 sed
1199 4313 1280 4378 infra
1298 4314 1425 4368 osaias

268 4397 335 4452 zoas
358 4413 409 4464 per
436 4414 451 4451 c
477 4398 529 4452 hoc
554 4413 652 4452 nomen
675 4399 813 4454 scribitur.
920 4399 952 4452 15
980 4403 1079 4467 opstat
1096 4395 1142 4464 l¹;
1170 4397 1270 4452 obstat
1287 4397 1320 4455 A*

270 4482 303 4535 18
329 4481 411 4536 ducit
432 4479 496 4550 ejus
514 4482 541 4536 si
562 4483 604 4549 ΑΙ,
629 4484 678 4538 sed
694 4486 757 4551 ipsc
775 4501 842 4538 corr.
860 4484 892 4538 ia
910 4483 1020 4549 ducilte
1046 4480 1165 4551 *jussi
1267 4485 1302 4538 w
1327 4482 1372 4538 illi
1389 4486 1424 4552 Δ;

269 4567 350 4620 illam
376 4567 547 4622 scabendum
574 4584 680 4636 censea-
708 4586 773 4623 nam
798 4570 864 4624 hoec
890 4569 1026 4624 dementia
1048 4571 1144 4636 potiar
1163 4570 1235 4635 ipsis
1257 4569 1426 4624 donantibus

171 4705 175 4716 ,
270 4667 351 4720 qaam
371 4651 443 4707 Gaio
462 4653 657 4720 exprobranda
675 4661 741 4708 erat.
846 4654 881 4707 26
899 4653 948 4722 gai
965 4653 997 4711 Α1
1016 4654 1077 4722 gaii
1091 4671 1165 4708 maa.
1185 4657 1324 4709 accendor.
