3278 5332
524 426 565 466 nu
586 425 639 466 rus
661 425 723 466 nm.
747 395 925 484 m,''111—v.
1236 401 1295 468 121

149 594 386 674 argumentum
414 587 537 653 uirium
565 589 770 654 existumant
794 588 887 654 etin
908 589 1040 674 magnis
1062 611 1206 675 magnae
1228 588 1296 654 for-

147 704 252 763 tunae
284 696 385 763 bonis
417 703 550 785 ponunt
582 702 753 785 paratam·
769 696 946 783 ultionem,
991 719 1092 784 quam
1123 680 1193 764 non
1228 698 1295 784 [sit]

147 812 280 892 potens,
313 805 415 872 immo
443 828 488 872 ne
515 805 602 872 liber
629 807 766 892 quidem
794 805 862 870 dici
891 805 1001 892 possit
1021 806 1091 872 irae
1114 829 1194 874 suae
1218 829 1296 894 cap·

149 916 262 982 tiuus?
294 937 365 981 non
392 916 445 981 uis
475 915 685 1002 admoneam,
719 937 785 1001 quo
809 907 1007 1002 diligentior
1029 915 1171 1002 quisque
1195 915 1240 980 sit
1262 921 1330 980 etc

120 1025 222 1110 eipso
245 1046 281 1089 se
304 1024 561 1110 circumspiciat,
585 1024 652 1090 alia
674 1024 776 1090 animi
792 1024 882 1090 mala
899 1024 943 1090 ad
959 1024 1125 1111 pessimos
1142 1046 1295 1111 quosque

147 1133 329 1219 pertinere,
361 1117 571 1199 iracundiam
599 1133 702 1200 etiam
730 1132 871 1198 eruditis
898 1131 1091 1199 hominibus
1115 1134 1207 1198 etin
1229 1133 1297 1199 alia

147 1242 238 1308 sanis
260 1242 438 1328 inrepere?
467 1242 552 1308 adeo
575 1248 615 1307 ut
636 1242 773 1328 quidam
795 1241 1022 1327 simplicitatis
1044 1241 1208 1308 indicium
1228 1243 1294 1308 ira·

106 1437 108 1442 ¹
147 1351 306 1416 cundiam
328 1351 453 1436 dicant,
483 1357 518 1416 et
539 1351 643 1438 uulgo
667 1349 825 1417 credatur
845 1348 1026 1417 facillimus
1050 1351 1192 1436 quisque
1214 1350 1294 1417 huic

146 1460 323 1526 obnoxius

108 1597 133 1633 ιο
231 1569 273 1636 V.
320 1567 510 1655 ,Quorsus“
540 1568 653 1654 inquis
688 1567 773 1654 ,hcc
801 1567 992 1654 pertinet?“
1048 1568 1098 1634 Ut
1125 1590 1225 1635 nemo
1256 1577 1325 1636 sel

145 1677 275 1744 iudicet
301 1683 413 1743 tutum
440 1676 483 1742 ab
511 1677 586 1762 illa,
621 1699 697 1742 oum
723 1676 818 1742 lenes
847 1699 982 1762 quoque
1010 1682 1132 1743 natura
1159 1683 1194 1742 et
1220 1678 1292 1763 pla·

146 1787 241 1852 eidos
271 1787 308 1852 in
329 1781 570 1852 saeuitiam'ac
592 1784 791 1850 uiolentiam
814 1791 945 1851 euocet.
1001 1785 1294 1862 Quemadmodum

146 1894 309 1960 aduersus
342 1893 572 1980 pestilentiam
603 1892 690 1958 nihil
717 1893 864 1980 prodest
896 1893 1038 1958 firmitas
1072 1895 1223 1980 corporis
1258 1900 1294 1959 et

146 2003 290 2088 diligens
313 2001 519 2067 ualetudinis
542 1996 630 2088 cura,
653 2003 844 2089 promiscue
864 2002 954 2066 enim
963 2002 1125 2068 inbecilla
1137 2002 1291 2068 robusta·

107 2138 132 2176 1⁶
145 2134 211 2196 que
243 2111 390 2177 inuadit:
429 2111 479 2176 ita
512 2111 554 2176 ab
582 2112 726 2175 iratam
747 2111 909 2205 inquietis
931 2110 1082 2176 moribus
1105 2110 1292 2197 periculum

145 2225 198 2286 est
230 2241 332 2305 quam
365 2219 559 2306 compositis
594 2225 629 2284 et
659 2219 824 2303 remissie,
859 2219 981 2303 quibus
1015 2241 1055 2284 eo
1088 2219 1220 2305 turpior
1252 2242 1291 2284 ac
1350 2212 1351 2229 ¹

143 2328 366 2414 perniciosior
388 2334 449 2412 est,
473 2351 540 2414 quo
562 2327 639 2413 plus
661 2328 697 2393 in
718 2327 786 2392 illis
802 2332 920 2392 mutat.
966 2326 1034 2392 Sed
1053 2349 1130 2391 cum
1145 2328 1326 2414 primum2
1372 2412 1377 2420 ¹

144 2436 279 2502 sitnon
300 2436 410 2521 irasci,
443 2436 631 2502 secundum
652 2435 817 2519 deunerc,
840 2435 979 2500 tertium
999 2435 1133 2501 alienae
1156 2457 1290 2522 quoque

144 2544 214 2608 irae
242 2544 381 2630 mederi,
417 2544 528 2620 dicam
557 2545 711 2632 primum,
745 2543 1030 2629 quemadmodum
1056 2545 1092 2608 in
1113 2544 1199 2610 iram
1220 2566 1291 2610 non

106 2683 131 2721 20
144 2652 347 2738 incidamus,
382 2652 515 2738 deinde,
544 2652 826 2738 quemadmodum
849 2674 912 2717 nos
936 2652 978 2718 ab
1004 2652 1063 2717 illa
1089 2652 1288 2738 liberemus,

143 2761 337 2848 nouissime,
360 2762 645 2848 quemadmodum
655 2761 861 2827 irascentem
877 2762 1084 2827 retineamus
1100 2761 1288 2848 placemus-

145 2893 210 2955 que
233 2877 269 2936 et
290 2871 334 2936 ad
355 2871 536 2936 sanitatem
557 2870 767 2937 reducamus.

227 2962 279 3044 Ne
300 2980 494 3064 irascamur,
515 2978 780 3065 praestabimus,
804 2979 834 3044 si
855 2979 968 3045 omnia
989 2979 1074 3044 uitia
1095 2978 1166 3043 irae
1188 2976 1288 3042 nobis
1306 2988 1323 3042 3

144 3087 287 3152 subinde
327 3087 602 3174 proposuerimus
647 3093 681 3151 et
718 3086 812 3152 illam
854 3086 943 3152 bene
988 3085 1286 3153 aestimauerimua

105 3225 129 3262 a
142 3195 345 3286 Accusanda
378 3203 430 3261 est
463 3196 554 3283 apud
581 3218 662 3280 nos,
696 3195 903 3280 damnanda,
937 3195 1183 3282 perscrutanda
1216 3194 1287 3260 eius

142 3302 229 3369 mala
249 3303 335 3369 etin
353 3305 503 3369 medium
520 3303 751 3391 protrahenda
769 3308 862 3387 sunt;
885 3309 924 3368 ut
936 3303 1044 3389 qualis
1057 3304 1101 3368 sit
1113 3309 1286 3388 appareat,

143 3412 369 3498 comparanda
391 3435 468 3477 cum
487 3412 644 3499 pessimis
667 3417 728 3477 est.
782 3410 939 3477 Auaritia
966 3411 1114 3497 adquirit
1142 3416 1178 3475 et
1206 3424 1321 3477 con-4

142 3519 259 3605 trahit,
294 3542 360 3606 quo
389 3520 509 3606 aliquis
537 3520 657 3586 melior
684 3525 815 3604 utatur,
848 3519 899 3584 ira
926 3518 1135 3603 †incendit,
1168 3518 1286 3604 paucis

144 3675 157 3727 l
175 3673 364 3743 existpimant
381 3675 404 3742 (i
421 3677 481 3730 rod.
501 3691 569 3730 corr.
589 3691 623 3729 ea
640 3674 671 3741 u)
690 3668 723 3730 rt
801 3676 819 3728 2
837 3674 876 3728 sit
892 3673 942 3727 del.
961 3673 1072 3740 How,-
1089 3674 1120 3725 ia
1137 3671 1183 3725 sui
1200 3687 1288 3738 nuper

142 3761 241 3827 corripi
257 3761 347 3816 uoluit
365 3761 401 3814 H·
412 3761 440 3815 J.
461 3761 573 3826 Mulier,
591 3760 640 3814 aad
655 3775 710 3814 aon
727 3760 771 3814 hio
789 3761 937 3828 quaeritur,
957 3775 995 3810 aa
1012 3761 1101 3812 iratas
1120 3757 1164 3811 sui
1182 3763 1286 3825 potens

142 3846 183 3910 sit,
197 3845 250 3898 sed
266 3861 304 3898 aa
322 3851 426 3914 potens
444 3845 482 3900 ait
499 3853 526 3901 et
541 3847 616 3900 uires
632 3845 738 3899 habeat.
789 3845 807 3898 3
825 3844 958 3915 captiuus
968 3844 1096 3911 lipsium
1115 3848 1217 3912 captus
1235 3839 1286 3899 AL

240 3931 454 3986 4amm0neam
470 3930 507 3988 Αὁ
576 3965 597 4008 '.
621 3929 686 3985 6in
704 3929 762 3984 alia
779 3930 830 3996 cfr.
845 3947 874 3998 p.
892 3932 936 3998 62,
954 3932 999 3984 25.
1102 3927 1286 3994 8(maxime)

127 4014 207 4090 ,huic
225 4015 367 4070 obnoxius
386 4017 454 4071 coni.
476 4016 644 4085 Wesenberp.
707 4017 739 4070 14
756 4013 927 4070 ualitudinis
946 4014 982 4070 Α5
1047 4015 1077 4067 17
1096 4013 1287 4082 perniciosior

140 4099 252 4168 scripsi3
270 4101 461 4170 periculosior
478 4101 499 4157 l
570 4155 575 4166 ,
595 4101 627 4156 18
645 4099 777 4156 desinere
796 4101 966 4168 Gronouc'as3
984 4099 1115 4155 detinere
1132 4098 1155 4156 A
1172 4096 1192 4156 L

141 4185 173 4238 25
191 4191 263 4255 aput
279 4185 301 4243 A
376 4187 410 4240 26
423 4193 489 4254 post
505 4187 583 4240 mala
600 4193 650 4240 out
667 4187 760 4240 littera
777 4186 871 4255 aliqua
888 4193 937 4241 cut
955 4193 1061 4240 tactum
1075 4191 1209 4252 peractam
1226 4202 1284 4239 era-

143 4285 199 4324 sum
217 4278 263 4326 eat.
333 4271 367 4325 27
385 4270 477 4342 ecqrit
493 4271 561 4378 Aque,
578 4287 611 4326 aa
628 4271 647 4325 d
664 4271 724 4326 rod.
743 4271 825 4338 corr.)
893 4272 928 4326 28
945 4269 1021 4340 quos
1046 4268 1117 4338 Md
1133 4270 1217 4337 eras.)

141 4389 184 4444 ira
201 4389 345 4459 inconditi
365 4391 466 4460 paucis
484 4397 570 4460 grata
588 4397 633 4446 est
649 4390 671 4448 Α
689 4391 746 4459 (tui
757 4387 850 4460 'supra
867 4409 894 4446 u.
912 4407 962 4446 scr.
981 4406 1054 4444 maa.
1069 4389 1105 4458 1),
1123 4392 1186 4444 iun»
1202 4387 1236 4457 L;
1253 4389 1294 4444 ia,

141 4475 182 4530 tis
199 4475 329 4531 incendit
346 4483 502 4544 corruptam
519 4484 567 4541 cst,
583 4491 635 4544 pro
650 4491 701 4544 qao
712 4477 839 4532 Muretus
854 4476 995 4546 impendit
1010 4475 1123 4530 coniecit
1135 4478 1284 4542 speciosius

62 4629 65 4636 ι
141 4575 220 4627 quam
237 4564 344 4629 aerium
362 4578 410 4617 aec
426 4563 493 4616 miti
509 4565 566 4617 iam
582 4563 678 4629 placet,
697 4564 850 4630 quodcum
860 4561 937 4617 Stati.
949 4562 1006 4616 crit.
1021 4577 1050 4629 p.
1060 4563 1283 4616 97com'eocrcm:

142 4643 184 4699 ira
200 4645 315 4702 incendi
333 4663 360 4717 p.
378 4645 540 4715 gratuitum
557 4652 616 4714 est;
642 4663 707 4702 rama
733 4647 778 4700 ira
795 4647 865 4702 cibit
882 4647 1015 4702 eiusmodi
1034 4645 1169 4702 adoram
1186 4647 1283 4702 tatere

141 4729 224 4798 debeb
242 4728 365 4787 effundit
383 4739 433 4787 out
449 4731 537 4787 amite
554 4721 662 4799 atacis
679 4732 876 4799 expectandam
893 4739 958 4787 crat
