3144 5344
245 392 292 452 IV

246 586 435 639 morarentur
466 578 572 655 digna3
613 577 668 637 sed
700 597 738 635 ne
771 577 940 636 attulissem
975 577 1104 653 quidem,
1143 578 1203 637 nisi
1236 599 1272 638 ea
1304 580 1390 653 ratio,

247 702 335 757 quam
352 681 490 741 Kochius
512 675 766 755 (autVahlenius)
787 681 819 738 in
841 679 955 739 codicis
977 680 1135 758 scripturis
1159 699 1391 742 commemoran-

247 783 294 843 dis
327 791 451 844 secutus
486 790 564 858 erat,
604 782 819 842 necessitatem
851 782 924 841 mihi
955 783 1150 861 imposuisset
1182 783 1257 844 haec
1291 773 1394 846 eorum

247 907 339 947 causa
361 886 518 962 afferendi,
548 886 727 962 quicumque
750 907 847 946 meam
869 885 1031 947 editionem
1053 894 1084 946 et
1105 886 1294 946 Kochianam
1315 887 1394 946 inter

155 1066 159 1075 Ι
246 1009 280 1049 se
308 1009 482 1068 comparare
503 989 663 1048 noluerint.
721 987 860 1048 Ceterum
883 989 1032 1065 quaedam
1052 989 1254 1050 minutissima
1275 1007 1393 1065 quoque

247 1093 398 1152 interdum
425 1091 536 1151 afferre
563 1092 631 1152 ideo
660 1112 769 1171 operae
790 1092 921 1170 pretium
944 1112 1011 1152 esse
1033 1093 1134 1151 uisum
1155 1099 1226 1168 est,·
1245 1099 1281 1151 ut
1302 1114 1393 1172 appa·

245 1203 340 1270 reret,
375 1215 466 1270 quam
500 1194 602 1274 pusilli
629 1194 742 1254 codicis
769 1195 962 1255 Ambrosiam
989 1192 1052 1270 (uel
1079 1191 1248 1273 archetypi)
1276 1215 1394 1255 errores

246 1298 347 1373 qualia
385 1297 554 1375 scripturae
594 1293 729 1358 monstra
761 1298 791 1356 in
826 1297 1026 1358 deterioribus
1060 1297 1215 1357 codicibus
1248 1318 1393 1376 generare

246 1400 430 1480 potuissent3
466 1401 645 1476 quicumque
672 1400 808 1460 Fickerti
841 1408 1021 1480 apparatum
1054 1401 1191 1461 criticum
1225 1420 1293 1460 cum
1326 1421 1393 1461 meo
1494 1451 1497 1458 .

247 1522 420 1582 comparare
449 1503 593 1579 uoluen‘t‚
628 1502 754 1563 adfatim
782 1504 985 1582 exemplorum
1013 1505 1117 1563 statim
1143 1504 1291 1581 inueniet,
1324 1524 1394 1563 nam

246 1606 294 1665 his
327 1606 468 1666 sordibus
502 1626 557 1682 ego
592 1606 838 1668 commentarium
870 1627 969 1666 meum
1001 1626 1127 1666 onerare
1160 1606 1302 1684 dignatam
1333 1627 1394 1667 non

247 1705 360 1784 sum.*)
649 1698 652 1704 ’

332 1811 393 1872 Sed
420 1815 540 1891 teinpus
568 1818 625 1888 est,
660 1819 694 1871 ut
721 1813 760 1873 ad
788 1814 940 1892 propriam
962 1813 1102 1872 editionis
1124 1831 1209 1873 meae
1231 1811 1393 1891 praefatio-

246 1935 315 1975 nem
337 1914 494 1990 accedam3
518 1915 620 1991 itaque
642 1935 660 1974 a
677 1916 796 2001 codicis
809 1916 1021 1995 ‚descriptione
1042 1914 1245 1995 incipiendum
1267 1922 1323 1974 est.

331 2019 391 2078 Hic
414 2017 519 2094 codex,
543 2018 647 2094 quiin
669 2019 852 2079 bibliotheca
873 2019 1074 2079 Ambrosiana
1095 2019 1205 2079 litteris
1229 2018 1328 2099 Ong
1345 2020 1394 2077 90

247 2129 340 2200 part.
368 2120 433 2181 inf.
463 2121 609 2199 signatur,
646 2122 895 2182 membranaceus
924 2128 971 2182 est
998 2121 1063 2182 folii
1090 2122 1223 2197 minoris,
1257 2124 1299 2181 88
1321 2120 1395 2182 folia

248 2225 414 2300 continens,
449 2224 559 2301 quibus
588 2223 648 2282 duo
675 2244 735 2284 non
764 2225 802 2284 ad
823 2226 923 2305 ipsum
946 2225 1082 2284 codicem
1103 2225 1285 2302 pertinentia
1306 2245 1393 2304 prae-

246 2326 307 2386 fixa
328 2334 407 2400 sunt.
453 2326 490 2386 In
512 2326 619 2386 borum
641 2327 738 2405 primo
760 2347 850 2387 uerso
872 2328 947 2388 haec
969 2328 1113 2405 legimus:
1216 2367 1218 2372 -

334 2429 477 2508 „Seneoae
510 2430 604 2490 multa
638 2430 793 2508 opuscula,
827 2451 954 2507 quorum
980 2431 1112 2491 indicem
1141 2425 1146 2507 Ι
1176 2431 1270 2491 habes
1292 2432 1324 2504 in
1346 2450 1393 2491 se·

250 2532 368 2610 „cunda
394 2533 514 2611 pagina.
545 2523 551 2610 Ι
581 2531 641 2590 Sed
671 2532 796 2592 aduerte
824 2534 1003 2612 opusculum
1030 2533 1068 2592 de
1096 2534 1157 2592 otio
1186 2540 1217 2593 et
1245 2533 1284 2593 ad
1305 2533 1394 2612 Poly-

250 2637 351 2716 „binm
381 2629 386 2712 Ι
415 2656 476 2694 non
503 2634 629 2713 reperiri
657 2635 688 2693 in
715 2636 772 2695 hoc
801 2636 913 2696 codice.
945 2629 951 2714 Ι
982 2634 1133 2696 Gaeterum
1159 2636 1208 2696 hic
1231 2636 1325 2696 codex
1348 2645 1396 2696 est

251 2740 349 2817 „notis
372 2758 444 2798 sane
467 2737 566 2796 doctis
588 2736 764 2815 adspersus,
787 2739 896 2798 litteris
926 2732 932 2817 Ι
961 2738 1172 2818 Longobardis
1195 2740 1393 2819 conscriptus,

251 2843 528 2921 „septingentorum
557 2847 588 2898 et
615 2840 744 2919 amplius
773 2835 779 2917 Ι
810 2861 956 2901 annorum
984 2842 1162 2919 antiquitate
1188 2842 1395 2917 uenerandus,

250 2944 390 3020 „multiq;
414 2942 582 3002 faciendus.

336 3045 506 3122 „Felicibus
529 3045 671 3123 auspiciis
689 3041 773 3106 1113,ἰ
791 3046 879 3106 Gard.
898 3046 1037 3107 Foderici
1054 3047 1395 3124 BorrhomaeiArchiep.

251 3147 390 3224 „Mediol
413 3147 564 3208 Antonius
587 3146 728 3224 Olgiatus
750 3150 873 3228 scripsit
896 3169 973 3209 anno
998 3151 1089 3210 1603.

336 3249 437 3326 „Illud
459 3249 550 3309 etiam
572 3257 602 3310 te
624 3271 740 3328 moneo,
763 3252 979 3312 humanissime
990 3252 1111 3329 Lector,
1136 3272 1173 3312 ex
1194 3253 1251 3312 boc
1273 3251 1396 3331 potissi-

252 3375 351 3430 „mum
385 3352 489 3412 codice
517 3352 669 3412 Muretum
703 3355 750 3414 sui
779 3355 902 3415 Senecae
937 3375 1027 3432 quem
1060 3355 1154 3416 edidit
1182 3356 1398 3416 correctionem

252 3455 405 3536 „petiisse
439 3473 527 3529 quem
557 3456 633 3514 tanti
661 3455 745 3532 fecit,
779 3464 812 3517 ut
840 3478 907 3517 eum
936 3459 967 3517 in
996 3459 1059 3517 suis
1086 3458 1167 3518 notis
1190 3457 1229 3518 ad
1252 3457 1398 3517 Senecam

254 3559 376 3634 „multis
398 3555 540 3617 laudibus
563 3539 713 3618 extulerit.
757 3560 841 3636 Lege
863 3568 952 3620 notas
975 3561 1014 3620 ad
1035 3559 1078 3639 pl}
1099 3561 1137 3619 de
1159 3562 1204 3620 ira
1226 3579 1318 3638 super
1339 3559 1398 3618 illis

244 3662 374 3738 '„uerbis
401 3661 550 3736 &medam
570 3678 646 3720 saeue
667 3680 766 3734 mono,
800 3665 896 3722 uerbt'e
918 3666 1067 3737 parciores
1095 3660 1172 3742 (cap.
1196 3664 1226 3739 4,
1256 3658 1297 3736 3).
1347 3661 1398 3721 In-

254 3771 351 3844 „epte,
381 3763 423 3822 ait
444 3763 592 3838 Muretus,
620 3763 651 3822 in
674 3764 740 3824 aliis
762 3765 863 3824 libris:
902 3765 1039 3840 Quadam
1062 3759 1124 3825 sede
1145 3769 1272 3824 mouent.
1321 3764 1399 3823 Haec

256 3866 453 3942 „emendatio
489 3872 523 3923 ut
550 3865 616 3925 aliae
643 3867 796 3944 plereque,
831 3887 868 3926 ex
890 3869 1001 3946 optimo
1025 3875 1056 3929 et
1077 3866 1283 3928 uetustissimo
1306 3865 1399 3925 Libro

255 3969 376 4046 „Siculo
405 3976 460 4028 est.
505 3966 584 4027 Vide
612 3968 649 4027 de
676 3970 766 4029 beata
794 3970 858 4028 uita
884 3970 915 4028 in
942 3971 1002 4030 illis
1030 3970 1147 4030 uerbis:
1183 3969 1233 4028 Me
1259 3970 1400 4028 bominem

255 4075 397 4148 „mambae
420 4071 557 4145 comato,
581 4088 648 4130 cum
670 4071 735 4131 Diis
756 4073 863 4146 πωλίῳ
897 4074 1063 4132 consultatu
1086 4067 1165 4151 (cap.
1188 4073 1240 4146 25,
1262 4067 1305 4145 4).
1350 4068 1400 4128 Sic

255 4175 336 4251 „alij‚
371 4181 402 4233 at
424 4179 535 4249 quanto
558 4172 675 4249 melius,
699 4174 779 4249 quod
802 4193 820 4233 a
841 4193 888 4234 me
911 4195 948 4234 ex
963 4175 1047 4252 libro
1070 4173 1171 4234 Siculo
1195 4181 1314 4234 erutum
1336 4179 1398 4232 est:

252 4305 481 4316 ...d-..—

275 4355 305 4424 Ι)
323 4357 366 4412 Ut
389 4372 479 4410 unum
503 4353 551 4408 hio
574 4335 738 4424 exemplum
760 4354 898 4424 adferam,
926 4356 991 4425 quis
1015 4356 1149 4412 crederet
1165 4355 1230 4411 fieri
1247 4371 1341 4424 posse,
1368 4359 1402 4407 ut

322 4459 349 4510 p.
371 4441 429 4508 311,
455 4440 488 4492 12
515 4437 545 4494 in
569 4439 618 4494 lib.
643 4440 678 4494 de
702 4441 847 4496 breuitate
870 4439 949 4496 uitae
973 4443 998 4509 4,
1021 4443 1038 4495 4
1061 4443 1104 4510 (ε
1129 4441 1164 4508 V,
1186 4443 1204 4495 2
1232 4440 1275 4496 ed.
1298 4438 1342 4506 F.)
1365 4457 1402 4494 ex

322 4524 476 4596 archetypi
498 4524 644 4593 scriptura
667 4527 716 4594 qui
736 4526 889 4581 bominibus
906 4528 1068 4596 pemta'buaffl
1096 4527 1160 4597 (pro
1176 4525 1345 4595 parotidum)
1371 4524 1403 4578 in

323 4609 516 4666 deterioribus
535 4609 608 4664 haec
626 4617 791 4665 orerentur:
818 4611 896 4679 qaid*
914 4611 1037 4666 omnibus
1054 4612 1221 4681 ponentibus
1239 4610 1328 4680 quoe?
1364 4609 1402 4662 Et

302 4687 304 4692 ¹
323 4697 416 4750 multa
434 4694 543 4750 adferri
561 4701 684 4765 possunt
703 4695 814 4750 similia.
