3144 5344
1171 383 1265 444 XXV

107 573 340 648 terminauerat,
364 573 448 634 uelut
467 575 604 646 15555555,
628 575 746 648 menis,
771 577 909 649 55555515,
926 575 1026 644 sobriis,
1045 577 1128 633 uaris
1146 573 1264 650 aliaque

107 677 203 736 huius
223 683 315 738 55155
336 677 528 756 reperiuntur
550 673 603 753 (51.
622 698 652 756 p.
671 679 701 752 9,
727 679 759 751 1;
784 679 834 752 43,
858 667 915 752 28'3
941 679 1012 750 156,
1037 679 1090 752 10,
1116 679 1262 754 176,19,

111 782 186 856 183,
212 781 266 854 17,
291 781 362 856 192,
388 782 422 855 1,
446 782 518 856 204,
544 781 578 855 7,
602 781 750 856 245,16,
774 781 921 855 281,14;
946 781 1018 855 320,
1037 777 1087 856 2),
1111 779 1166 841 555
1187 781 1263 842 haec

108 883 171 943 iam
194 889 248 944 551
268 883 381 962 155511
405 891 458 944 551
480 891 643 960 sequentes
666 891 854 946 correctores
871 903 964 964 55555
981 889 1183 960 5515555551,
1206 904 1263 944 555

108 1007 168 1064 ego
187 985 218 1046 in
241 985 374 1048 editione
395 986 451 1048 has
470 985 585 1048 formas
602 986 744 1062 tolsraui,
767 1007 827 1047 non
845 986 943 1064 magis
960 1005 1050 1062 quam
1068 985 1100 1046 in
1117 985 1263 1065 555155115

111 1089 283 1168 5551515555
299 1093 383 1166 petit,
406 1091 485 1162 55511,
508 1092 600 1162 audii,
623 1083 760 1152 5555555
783 1089 900 1150 admisi.
952 1089 1007 1150 Dis
1034 1095 1136 1148 15555
1158 1086 1202 1163 (51
1222 1085 1265 1164 dc)

111 1211 235 1270 semper
268 1192 402 1254 scribere
437 1193 595 1270 constitui,
640 1195 730 1254 etiam
757 1193 809 1252 ubi
832 1193 862 1252 A¹
887 1193 942 1254 dis
969 1187 1086 1268 (51511)
1115 1192 1261 1266 5555551,

111 1295 187 1356 1155
205 1297 293 1356 isdem
310 1303 341 1356 et
358 1297 432 1358 idom
443 1293 564 1376 (plurali
580 1291 727 1372 numero),
749 1294 1262 1375 55155555515155551ὀ11555551.
1281 1309 1284 1316 '

111 1398 204 1458 Addo
228 1397 359 1477 denique
380 1420 429 1461 me
451 1399 570 1460 duobus
592 1400 667 1460 locis
690 1399 897 1461 accusatiuum
919 1398 1066 1478 pluralem
1088 1399 1187 1470 155155
1208 1419 1263 1479 555

111 1503 208 1573 fastos
229 1502 382 1581 recepisse
405 1500 446 1582 (p.
472 1503 521 1570 76,
545 1505 564 1562 3
588 1511 670 1583 515.
694 1497 837 1578 365,12),
861 1502 917 1562 555
939 1489 1114 1580 genetiuum
1135 1503 1189 1574 dic,
1213 1503 1264 1579 qui

112 1606 208 1665 semol
231 1602 272 1684 (p.
298 1608 368 1679 190,
392 1603 424 1681 5)
448 1606 607 1686 reperitur,
631 1625 755 1666 seruare
776 1605 868 1666 nolui.
919 1605 989 1666 Alia
1018 1603 1151 1666 fortasse
1173 1605 1264 1666 etium

111 1728 194 1768 nunc
215 1709 285 1768 5515
308 1709 506 1788 disputationi
528 1709 652 1788 adiungi
673 1717 828 1788 poterant;
857 1709 912 1769 555
934 1729 979 1784 ea,
1008 1727 1086 1785 quae
1107 1708 1168 1769 iam
1190 1707 1262 1786 dixi,

112 1811 191 1872 satis
213 1831 282 1872 esse
305 1811 405 1873 credo.

159 1975 166 1990 ⁴
199 1914 353 1975 Nonnulla
379 1915 439 1977 iam
467 1914 505 1976 de
535 1935 571 1976 ea
598 1915 715 1976 ratione
742 1914 870 1976 dicenda
892 1921 979 1990 sunt,
1014 1935 1091 1993 quae
1112 1915 1192 1975 inter
1214 1935 1263 1974 oo·

113 2017 213 2078 dicem
234 2019 470 2080 Ambrosianum
486 2027 675 2096 ceterosque,
698 2025 846 2096 quotquot
861 2019 1009 2094 nouimus,
1033 2017 1163 2094 codices,
1187 2039 1264 2094 quos

113 2121 298 2182 deteriorum
325 2120 374 2199 (0)
402 2123 521 2184 555155
550 2121 845 2202 comprehendimus,
874 2121 1054 2196 intercedit;
1087 2120 1125 2182 de
1148 2143 1208 2198 qua
1230 2143 1264 2197 re

114 2245 213 2300 nunc,
247 2233 318 2304 post
347 2247 437 2303 qnam
459 2226 525 2304 ipse
548 2225 683 2286 codicem
704 2225 940 2286 Ambrosianum
961 2224 1038 2300 nidi,
1073 2225 1263 2300 5555515555

115 2348 162 2388 55
186 2329 366 2390 5551551155
388 2337 505 2390 mutare
527 2328 594 2407 cogi
616 2327 715 2389 fateor
742 2347 798 2388 nec
827 2327 886 2386 iam
913 2347 949 2388 55
979 2328 1078 2388 55515
1100 2325 1264 2388 defendere

115 2430 243 2508 audere,
277 2453 355 2508 5555
384 2431 472 2492 Stud.
495 2431 560 2492 crit.
583 2452 613 2510 p.
638 2433 677 2490 37
701 2451 767 2508 sqq.
792 2430 963 2510 disputaui,
996 2430 1049 2490 ubi
1075 2429 1264 2508 Mudniginm

115 2542 239 2595 secutus
262 2535 421 2597 ostendere
444 2534 548 2595 studui
570 2534 704 2595 codicem
726 2535 826 2613 ipsum
842 2534 1076 2595 Ambrosianum
1094 2540 1263 2594 ceterorum

115 2638 245 2698 omnium
266 2645 423 2718 parentem
446 2658 524 2698 5555.
569 2637 647 2698 Ν55
670 2638 760 2715 5555,
783 2645 926 2718 utsupra
942 2637 1014 2714 dixi,
1037 2638 1067 2697 in
1084 2637 1142 2697 hoc
1160 2623 1263 2698 555155

114 2740 231 2800 1511155
252 2742 341 2821 primi
363 2742 402 2802 de
423 2742 469 2802 155
490 2741 559 2801 libri
582 2727 641 2801 alia
662 2761 753 2801 manu
769 2742 800 2801 in
817 2762 877 2802 555
895 2742 1016 2821 pagina,
1039 2761 1129 2818 5555
1148 2740 1263 2819 primus

116 2844 245 2923 scriptor
262 2843 416 2906 55155155
433 2845 567 2904 55511555
580 2845 718 2905 55555115
730 2865 860 2905 uacuam
870 2840 1073 2923 reliquerat*),
1094 2843 1263 2922 posteriore

115 2955 249 3025 tempore
270 2967 328 3009 nec
350 2957 420 3008 5515
442 2967 522 3008 saec.
545 2947 625 3008 XIV
647 2949 822 3028 suppletum
844 2955 907 3023 551,
935 2968 972 3009 ex
994 2947 1052 3008 hoc
1075 2947 1139 3006 solo
1163 2946 1263 3024 colligi

116 3049 225 3111 debere
248 3059 383 3130 apparet,
407 3070 459 3112 eos
476 3057 559 3112 certe
574 3050 695 3112 codices
712 3050 889 3128 deteriores,
911 3051 962 3128 qui
981 3050 1126 3111 antehoc
1143 3056 1263 3129 tempus

114 3153 218 3233 scripti
252 3154 313 3214 sint
353 3150 401 3229 (55
434 3154 499 3214 5155
527 3153 619 3214 dubio
648 3154 739 3214 etiam
767 3154 857 3230 alios,
892 3155 943 3230 qui
976 3174 1013 3214 ex
1040 3153 1088 3213 his
1115 3152 1262 3231 originem

115 3256 255 3334 trahant),
275 3258 300 3318 si
318 3257 393 3317 5555
404 3257 545 3333 habeant,
563 3277 623 3317 non
635 3277 673 3318 ex
683 3259 885 3318 Ambrosiano
898 3256 1068 3337 descriptos
1081 3275 1149 3317 esse
1160 3275 1261 3335 posse,

116 3359 217 3420 sodex
229 3360 287 3420 alio
299 3360 456 3440 archetypi
474 3361 648 3440 apographo
666 3360 821 3423 deriuatos
840 3380 909 3421 esse
926 3367 1000 3421 tunc
1012 3359 1176 3438 descripto,
1196 3379 1263 3418 oum

116 3463 296 3542 archetypus
319 3471 441 3541 praeter
456 3463 509 3524 illa
525 3462 608 3539 15115,
632 3484 710 3540 5555
727 3463 870 3524 librarius
889 3463 1084 3523 Ambrosiani
1102 3461 1262 3537 inueniret,

116 3587 205 3631 unum
232 3567 323 3626 etiam
349 3585 429 3626 nunc
455 3567 583 3627 haberet
609 3575 716 3646 postea
743 3567 903 3642 amissum,
938 3566 1018 3642 quod
1040 3565 1160 3626 initium
1181 3564 1263 3624 illius

116 3670 182 3729 libri
204 3665 539 3749 55555555555551**),
569 3689 639 3730 555
662 3670 719 3730 555
741 3669 859 3730 1511155
882 3671 922 3728 63
944 3689 1053 3730 uersus
1076 3688 1160 3730 meos
1183 3687 1262 3728 com-

137 3833 166 3900 1)
183 3834 266 3901 Quod
281 3833 358 3890 idem
372 3833 509 3888 librarius
524 3833 582 3888 5115
596 3835 669 3902 1555,
683 3841 751 3904 5551
764 3834 872 3890 librum
889 3835 925 3890 de
940 3833 1155 3904 tranquillitate
1165 3834 1263 3902 animi,

182 3937 268 3975 unam
292 3920 428 3989 paginam
451 3919 512 3988 (151.
530 3921 597 3986 6811)
615 3939 741 3976 uacuam
764 3920 896 3990 reliquit,
923 3920 980 3976 hoe
1002 3919 1092 3975 simili
1115 3920 1151 3976 de
1175 3937 1264 3975 55555

182 4004 288 4061 1551555
305 4005 378 4060 mihi
395 4004 524 4061 uidetur:
549 4005 663 4062 scilieet
680 4013 710 4062 et
728 4006 785 4062 hoc
802 4005 887 4062 modo
906 4013 937 4063 et
955 4025 997 4072 5ο,
1021 4005 1098 4076 5555
1116 4005 1262 4075 subscrip·

183 4089 291 4146 tionem
308 4090 376 4146 libri
394 4091 431 4148 de
449 4091 509 4146 otio
528 4109 593 4146 oum
609 4091 684 4147 libro
699 4091 735 4148 de
749 4091 813 4147 5115
827 4094 915 4148 55515
931 4089 1115 4149 cohaerentis
1130 4090 1263 4146 titulum·

184 4192 238 4245 que
257 4175 324 4232 libri
342 4177 378 4233 de
395 4183 432 4232 tr.
450 4194 496 4232 au.
515 4177 623 4246 omisit,
642 4177 789 4234 defectum
808 4178 917 4234 codicis
935 4178 1065 4236 indicare
1083 4177 1186 4244 uoluit,
1205 4195 1263 4247 quo

183 4267 262 4317 totus
280 4261 317 4317 de
335 4262 395 4318 otio
412 4263 495 4330 liber,
514 4263 564 4332 qui
582 4263 613 4318 in
630 4262 728 4319 indice
746 4263 840 4319 codici
859 4264 989 4333 praefixo
1007 4263 1175 4320 nominatus
1189 4269 1261 4328 erat,

183 4345 318 4404 interisse
336 4349 364 4404 ei
382 4349 546 4405 uidebatur.
943 4389 947 4396 .

121 4431 166 4498 11)
182 4432 253 4489 Ueri
271 4432 366 4491 simile
383 4435 455 4490 mihi
473 4434 590 4491 uidetur
608 4435 761 4507 archetypi
779 4442 841 4491 tres
860 4435 969 4505 primos
988 4437 1126 4491 foliorum
1144 4442 1260 4505 555155-

184 4519 337 4574 51555515
360 4519 496 4575 2315515
518 4520 643 4576 indicem
667 4520 798 4590 duosque
826 4521 936 4591 primos
964 4520 1147 4592 dialogorum
1171 4521 1262 4577 libros
1356 4531 1359 4540 '

184 4604 370 4674 continuisse,
392 4607 474 4662 tertii
489 4605 689 4676 quaternionis
705 4605 1045 4664 51115551555511155
1060 4607 1161 4672 151555,
1185 4607 1262 4677 5555

184 4689 260 4744 illius
279 4690 440 4760 apographi
457 4691 595 4746 librarius
614 4692 784 4747 51155155
804 4693 937 4760 baberet,
957 4693 1140 4764 5515515115
1164 4693 1260 4762 quarti

184 4773 393 4844 quaternionis,
420 4776 519 4833 nescio
546 4783 629 4846 quot,
655 4776 686 4832 in
705 4777 811 4847 quibus
830 4797 864 4835 ea
883 4779 1007 4860 fuerint,
1033 4796 1108 4848 quse
1132 4795 1160 4848 5.
1178 4779 1214 4833 53
1230 4777 1262 4834 15
