3246 5332
393 396 433 436 nu
456 395 642 438 consulum
665 395 820 438 scamaras
843 398 1017 438 xvr—xvrr.
1232 375 1274 438 45

121 581 215 644 quae
247 557 452 624 contumelia
481 565 542 640 est,
571 560 662 646 quod
690 567 841 646 apparet,
871 559 1004 627 audire?
1056 559 1177 626 Coram
1206 585 1273 628 uno

122 666 257 753 aliquid
274 667 403 732 dictum
413 667 572 753 ridemus,
585 691 699 735 coram
710 668 861 755 pluribus
873 668 1099 756 indignamur,
1113 675 1275 736 eteorum

121 776 201 841 aliis
235 776 428 842 libertatem
460 799 530 842 non
551 777 787 863 relinquimuS,
821 799 908 862 quae
930 777 995 864 ipsi
1016 777 1053 842 in
1074 799 1137 844 nos
1161 778 1274 845 dicere

122 885 359 968 adsueuimus;
425 884 510 951 iocis
558 885 756 972 temperatis
806 885 1031 970 delectamur,
1096 886 1274 952 inmodicis

93 994 310 1060 sirascimur.
377 992 585 1081 Chrysippus
626 995 673 1060 ait
711 994 879 1080 quendam
916 993 1138 1082 indignatum,
1183 995 1309 1081 quod2

120 1102 222 1166 illum
243 1101 364 1186 aliquis
386 1125 566 1168 ueruecem
588 1105 754 1170 marinum
776 1103 915 1168 dixerat.
939 1102 981 1168 In
1000 1110 1120 1168 senatu
1136 1103 1275 1170 flentem

122 1210 273 1275 uidimus
294 1209 418 1276 Fidum
441 1211 643 1294 Cornelium,
677 1211 821 1276 Nasonis
845 1211 959 1277 Ouidii
985 1234 1163 1298 generum,
1178 1293 1181 1298 Ι
1198 1236 1274 1279 cum

122 1319 223 1384 illum
245 1317 391 1385 Corbulo
420 1320 723 1411 QllQQamehlffl
745 1319 931 1414 depilatum
953 1320 1109 1404 dixisset,
1154 1322 1273 1388 aduer-
1347 1290 1358 1347 7

124 1451 184 1491 sus
231 1425 295 1492 alia
327 1427 510 1494 maledicta
541 1451 652 1495 mores
686 1435 721 1494 et
754 1428 856 1495 uitam
889 1430 962 1496 eius
995 1430 1275 1496 conuulnerantia

84 1535 250 1601 efrontis
277 1536 326 1601 illi
353 1536 493 1603 firmitas
522 1539 686 1624 constitit,
721 1537 882 1604 aduersus
909 1537 976 1604 hoc
998 1545 1070 1604 tam
1091 1539 1274 1604 absmdum

123 1645 285 1711 lacrimae
307 1646 542 1731 prociderunt:
576 1653 674 1712 tanta
696 1649 883 1714 animorum
904 1646 1108 1712 inbecillitas
1132 1655 1193 1732 est,
1216 1649 1274 1714 ubi

124 1753 213 1819 ratio
238 1753 404 1820 discessit.
450 1753 548 1838 Quid,
578 1755 669 1841 quod
692 1755 902 1838 offendimur,
936 1755 1062 1840 siquis
1085 1768 1309 1822 sermonemss

125 1869 281 1927 nostrum
303 1863 463 1948 imitatur,
496 1864 525 1928 si
546 1864 622 1949 quis
643 1865 823 1948 incessum,
846 1865 874 1930 si
897 1865 970 1949 quis
993 1863 1115 1930 uitium
1137 1865 1275 1951 aliquod

127 1971 279 2056 corporis
302 1979 360 2038 aut
381 1972 518 2058 linguae
541 1972 720 2060 exprimit?
750 1974 845 2058 quasi
865 1973 1001 2039 notiora
1021 1972 1080 2039 illa
1100 1972 1185 2040 fiant
1207 1974 1274 2040 alio

88 2102 112 2139 n
126 2079 281 2144 imitante
320 2103 421 2164 quam
459 2081 558 2147 nobis
596 2079 816 2146 facientibus!
882 2081 1101 2147 Senectutem
1139 2082 1275 2168 quidam

127 2186 227 2252 inuiti
254 2188 397 2253 audiunt
426 2195 460 2254 et
488 2213 592 2256 canos
616 2195 650 2254 et
673 2188 748 2272 alia,
782 2175 826 2254 ad
849 2211 935 2273 quae
957 2197 1038 2256 uoto
1062 2192 1272 2277 peruenitur3

128 2297 338 2380 paupertatis
381 2296 601 2363 maledictum
644 2296 809 2382 quosdam
852 2298 1009 2383 perussit,
1065 2322 1166 2384 quam
1210 2301 1275 2366 sibi

129 2403 263 2488 obiecit,
288 2405 439 2490 quisquis
462 2406 656 2472 abscondit:
684 2406 800 2490 itaque
823 2405 965 2479 materia
985 2407 1217 2493 petulantibus
1241 2417 1274 2474 et

128 2534 190 2596 per
212 2513 451 2579 contumeliam
471 2514 610 2580 urbanis
633 2511 831 2588 detrahitur,
854 2514 883 2580 si
903 2514 992 2580 ultro
1014 2515 1107 2581 illam
1130 2523 1165 2583 et
1181 2518 1274 2604 prior

92 2644 116 2680 ac
130 2641 290 2705 occupes;
313 2643 412 2688 nemo
435 2623 540 2688 risum
560 2623 726 2709 praebuit,
748 2622 807 2707 qui
830 2645 871 2687 ex
893 2646 929 2688 se
954 2624 1053 2710 cepit.
1087 2625 1273 2712 Uatinium,
1291 2637 1309 2689 4

129 2727 299 2794 hominem
326 2735 445 2795 natum
467 2736 502 2796 et
524 2731 567 2796 ad
588 2731 693 2796 risum
716 2737 750 2796 et
773 2731 815 2796 ad
839 2731 962 2816 odium,
997 2755 1147 2799 scurram
1168 2733 1274 2800 fuisse
1329 2767 1335 2784 ·

130 2844 309 2902 uenustum
342 2861 382 2903 ac
418 2839 570 2904 dicacem
596 2840 778 2906 memoriae
805 2840 977 2925 proditum
1005 2848 1071 2925 est,
1105 2843 1141 2906 in
1168 2842 1274 2932 pedes

131 2965 208 3008 suos
248 2945 322 3031 ipse
361 2946 505 3032 plurima
546 2948 682 3013 dicebat
722 2953 756 3012 et
793 2949 829 3012 in
861 2947 978 3014 fauces
1011 2951 1180 3018 concisas:
1225 2953 1274 3018 sic

131 3052 355 3137 inimicorum,
402 3076 486 3138 quos
519 3054 632 3141 plures
665 3055 815 3121 habebat
848 3041 949 3141 quam
981 3059 1126 3143 morbos,
1172 3067 1207 3126 et
1238 3062 1275 3126 in

133 3309 146 3361 1
172 3325 226 3377 que
252 3307 273 3366 Α
376 3312 393 3364 4
419 3298 605 3381 adsueuimus
632 3314 713 3380 (com.
736 3319 801 3378 tort
819 3330 853 3367 m.
871 3313 902 3381 2)
929 3313 950 3370 Α
1052 3319 1069 3371 6
1094 3317 1219 3374 berbece
1244 3319 1265 3380 Α

132 3409 196 3448 corr.
214 3410 259 3463 πρ.
362 3395 378 3449 7
405 3395 503 3451 Ouidii
520 3396 550 3465 l,
577 3399 689 3452 sirecte
706 3397 824 3464 emmae,
851 3415 906 3453 nom
925 3399 1019 3468 Ouidi,
1037 3411 1068 3457 πι
1086 3401 1163 3458 Koch
1180 3405 1273 3460 edidit.

227 3480 245 3533 8
272 3479 387 3536 strutho
412 3483 524 3537 camela
542 3482 564 3539 Α
667 3483 797 3552 depilatd
815 3482 850 3550 l;
877 3484 1075 3555 deplumatum
1092 3489 1207 3568 Beuelm
1224 3492 1274 3544 uic

132 3571 213 3630 recte,
247 3581 312 3618 mam
341 3567 401 3621 ciue
432 3568 515 3622 dubio
546 3569 669 3624 caluitics
697 3568 817 3623 Cornelii
841 3570 1029 3639 significatur,
1064 3580 1208 3644 motumque
1232 3583 1274 3632 eat

132 3650 362 3704 struthocamelum
380 3668 435 3706 acm
448 3654 561 3720 plumas
578 3655 608 3707 iu
626 3654 714 3722 capite
731 3655 843 3722 tabem
861 3659 1016 3724 enepotius
1033 3658 1193 3727 depilatum
1211 3660 1240 3727 (i.
1252 3678 1272 3715 c.

134 3734 254 3801 calaum)
283 3742 421 3804 tamquam
446 3745 525 3793 uetus
549 3739 771 3808 additamentum,
799 3742 871 3808 quod
887 3743 1026 3797 maledicti
1042 3746 1099 3797 uim
1116 3746 1272 3813 euplimret,

133 3821 288 3874 sustulerim.
393 3823 410 3876 9
436 3827 465 3878 et
492 3823 584 3877 uitam
610 3841 654 3891 up.
673 3825 737 3879 inde
755 3825 789 3879 ab
807 3826 941 3894 Eretum
956 3827 1107 3884 ‚diuitiall
1210 3830 1272 3886 eius

134 3921 368 3977 conuulnerantia
385 3923 496 3992 reapse
516 3909 745 4007 douulnerantia
765 3926 799 3994 l;
818 3927 851 3995 dr,
870 3930 943 3997 quod
960 3947 994 3984 ea
1012 3930 1046 3986 ei'
1061 3937 1150 3986 crtum
1164 3935 1272 4002 ππιππί,

133 4039 172 4092 uc.
191 4024 331 4080 omittitur.
428 4027 460 4080 11
479 4027 655 4084 inbecillitas
679 4029 705 4096 (s
724 4045 792 4086 com.
812 4048 845 4085 ec
862 4031 927 4098 ml
1030 4034 1063 4087 15
1081 4034 1199 4103 quidam
1215 4052 1272 4106 uy.;

134 4107 250 4177 qdemll
354 4111 386 4166 17
412 4116 470 4181 qua
487 4111 538 4178 l¹;
565 4114 592 4168 l.
611 4117 751 4183 peuptatc¹
767 4116 799 4170 iu
816 4132 866 4185 my.
885 4115 922 4172 Αο
1022 4126 1091 4186 poet
1111 4119 1168 4176 sibi
1186 4136 1272 4189 cupra

133 4211 234 4249 ueram
252 4213 282 4250 .s.
300 4194 357 4266 ipsi
375 4197 438 4252 cdd.
457 4196 493 4253 l⁶
599 4200 632 4254 18
649 4199 723 4269 itaq;
751 4200 780 4264 Α,
808 4203 880 4270 quod
905 4219 977 4257 nunc
992 4211 1061 4258 reete
1077 4205 1176 4260 latmo
1190 4213 1271 4275 puto3

133 4285 171 4334 eet
186 4280 256 4336 mim
274 4283 408 4336 conclusio
425 4299 460 4336 ππ
478 4287 624 4339 contrario.
727 4288 761 4340 20
779 4287 857 4358 cepit
875 4286 904 4354 Α,
922 4288 994 4356 quod
1009 4296 1101 4345 utrum
1120 4292 1216 4362 coepit
1234 4311 1273 4348 ππ

134 4364 205 4434 cepit
221 4367 365 4434 munificet,
383 4367 506 4422 dubitari
516 4375 622 4436 potera·
640 4371 706 4425 nati
724 4379 754 4425 ut
768 4373 907 4440 mumque
924 4373 982 4428 cdd.
1002 4375 1080 4444 cepit
1096 4377 1122 4431 t.
1135 4379 1153 4432 l.
1170 4379 1272 4434 rectius

134 4451 242 4514 uidetur,
269 4468 335 4506 nam
352 4452 377 4506 ei
396 4452 492 4522 coepit
510 4455 646 4521 coutitur,
665 4473 701 4512 ex
720 4475 750 4511 se
768 4457 818 4511 uic
836 4459 913 4512 uliud
930 4477 1011 4527 quam
1029 4479 1047 4516 a
1064 4479 1095 4517 se
1114 4465 1272 4532 siguificare

131 4541 219 4604 potest,
245 4543 271 4592 et
292 4555 310 4591 a
332 4555 363 4593 se
386 4538 476 4593 risum
499 4539 628 4609 coepisse
651 4541 677 4595 is
702 4548 808 4598 tantum
826 4544 882 4600 dici
895 4551 995 4613 potest,
1023 4547 1068 4615 qm'
1086 4549 1184 4604 dando
1201 4551 1272 4604 alios

134 4619 205 4688 ridet,
230 4621 263 4677 dc
288 4639 340 4691 quc
362 4623 406 4678 tic
423 4625 531 4679 minime
548 4626 647 4693 coitur.
750 4629 785 4682 22
811 4636 968 4685 uenustum
994 4648 1038 4702 uu.
1055 4633 1119 4688 inde
1137 4650 1155 4688 a
1175 4632 1270 4694 como

133 4705 217 4776 sredm
235 4707 260 4762 d
277 4713 403 4764 uenustd
422 4707 443 4766 Α
