3144 5344
228 397 340 458 XXVI

228 588 379 666 plectitur,
404 597 476 664 quot
496 591 528 648 in
551 611 610 651 uno
632 591 705 651 folio
729 593 886 672 archetypi
902 593 998 654 fuisse
1015 615 1106 673 posse
1124 616 1216 674 supra
1232 597 1374 674 uidimus,

229 697 362 767 quotque
380 691 454 751 lere
482 693 513 752 in
541 678 622 753 foliis
650 697 795 772 proximis
833 695 913 774 (10',
950 700 1018 774 11²,
1057 701 1125 774 12',
1158 695 1207 776 13)
1241 700 1374 761 fuerunt.

228 797 276 855 Ex
297 815 356 854 uno
379 796 471 872 igitur
492 796 599 856 horum
622 798 759 859 codicum
780 801 808 860 is
830 802 940 876 hausit,
972 802 1023 877 qui
1046 802 1158 862 codicis
1180 803 1374 863 Ambrosiani

228 897 292 958 folii
321 894 492 958 duodecimi
519 901 646 979 primam
673 905 814 981 paginam
837 905 972 984 scripsit3
1007 906 1079 965 item
1100 906 1151 964 uel
1173 927 1210 966 ex
1231 908 1299 986 ipso
1322 908 1374 968 illo

226 1002 327 1080 priore
354 1003 512 1083 archetypi
540 1007 714 1084 apographo
743 1008 792 1067 uel
819 1005 913 1082 (certe
942 1009 1023 1084 quod
1051 1010 1090 1068 ad
1111 1012 1145 1069 lss
1166 1004 1310 1088 pertinet)
1339 1009 1387 1069 ex*

227 1105 326 1182 aliquo
350 1105 454 1166 codice
476 1109 547 1169 inde
570 1110 706 1170 deriuato
729 1118 915 1172 correctores
940 1111 1052 1172 codicis
1074 1113 1277 1188 Ambrosiani,
1302 1133 1375 1189 quo-

226 1229 292 1268 rum
315 1206 483 1287 scripturas
506 1213 592 1292 siglis
615 1215 648 1272 A²
671 1221 756 1278 0113
779 1215 911 1292 signaui,
947 1235 1014 1274 cum
1044 1216 1119 1276 alias
1142 1214 1376 1292 (etiamsinon

154 1305 158 1314 ¹
209 1313 343 1390 omnes)
360 1319 573 1392 correctiones,
596 1318 705 1393 quibus
727 1338 833 1378 manus
855 1320 970 1396 primae
993 1321 1160 1399 scripturas
1179 1319 1376 1381 emendarunt

227 1418 292 1497 (aut
313 1421 464 1481 interdum
488 1417 712 1499 corruperunt),
744 1429 807 1480 tum
834 1423 964 1482 maxime
995 1423 1093 1482 omnia
1114 1425 1166 1482 illa
1187 1424 1268 1483 bona
1290 1422 1375 1482 addi·
1494 1468 1497 1476 .

226 1531 373 1600 tamenta,
404 1545 481 1600 quae
504 1545 595 1603 supra
618 1526 806 1600 enumeraui,
835 1526 960 1604 petiisse
983 1535 1122 1605 apparet3
1157 1533 1278 1605 praeter
1300 1528 1375 1588 haec

227 1649 319 1687 unum
342 1629 450 1689 saltem
472 1628 594 1688 maioris
615 1630 759 1687 momenti
781 1649 818 1688 ex
841 1629 947 1688 eodem
969 1629 1052 1689 tonte
1073 1639 1177 1708 petere
1197 1631 1375 1705 debuerunt,

228 1732 309 1807 quod
331 1752 384 1791 000
406 1731 500 1810 fugit,
530 1752 601 1791 nam
622 1731 654 1790 in
675 1731 745 1790 libri
767 1731 805 1791 de
827 1731 873 1791 ira
894 1733 957 1808 III,
981 1735 1010 1808 8,
1034 1736 1053 1792 8
1077 1732 1118 1813 (p
1145 1735 1214 1810 126,
1238 1729 1292 1808 24)
1316 1733 1374 1792 duo

227 1836 321 1894 uerba
344 1856 372 1911 q.
391 1855 416 1894 0.
434 1836 524 1896 robur
541 1835 670 1908 00010101,
695 1855 773 1910 quae
796 1856 833 1895 ex
854 1836 1006 1896 nonnullis
1029 1836 1229 1898 deterioribus
1252 1843 1376 1916 recepta
1457 1857 1460 1864 ·

228 1944 307 2014 sunt,
325 1939 456 2016 genuina
474 1937 569 2017 ipsius
587 1937 721 1997 Senecae
740 1958 809 1998 esse
825 1939 898 1999 mihi
915 1959 1095 2018 persuasum
1112 1948 1167 2001 est.
1212 1942 1376 2001 Praeterea

226 2042 292 2100 ueri
321 2041 418 2102 simile
449 2049 511 2116 001,
546 2062 614 2101 cum
642 2061 702 2100 non
731 2063 799 2102 raro
823 2043 854 2102 in
877 2043 1032 2104 codicibus
1056 2044 1256 2105 deterioribus
1278 2046 1375 2104 bonae

228 2145 397 2223 scripturae
419 2147 490 2220 sint,
521 2165 648 2221 quarum
671 2165 728 2224 ope
751 2146 864 2208 codicis
887 2149 1081 2208 Ambrosiam
1103 2148 1212 2207 menda
1234 2145 1376 2226 (primum

227 2250 264 2307 ab
288 2249 354 2326 ipso
377 2249 466 2309 huius
489 2248 602 2308 codicis
623 2249 745 2308 librario
769 2246 942 2324 commissa)
965 2253 1075 2329 corrigi
1096 2257 1234 2329 possunt,
1258 2256 1376 2329 partem

227 2358 310 2412 certe
331 2352 437 2412 harum
460 2373 498 2412 ex
520 2353 684 2430 archetypo
706 2373 762 2430 per
785 2353 913 2413 alterum
940 2354 1016 2413 illud
1044 2355 1250 2433 apographum
1272 2355 1304 2413 in
1327 2373 1375 2413 co-

227 2454 310 2514 dices
333 2455 499 2517 deteriores
522 2462 720 2535 propagatam
743 2475 811 2516 0000
834 2453 917 2531 (nam
939 2458 1052 2518 multae
1075 2459 1152 2518 aliae
1175 2459 1247 2534 quin
1268 2456 1375 2536 peritis

225 2559 332 2640 horum
358 2561 494 2638 ipsorum
523 2559 661 2619 codicum
689 2560 797 2631 scribis
826 2561 1029 2620 lectoribusue
1052 2547 1242 2621 coniecturae
1265 2560 1375 2620 auxilio

227 2682 344 2722 errores
368 2663 588 2742 corrigentibus
612 2662 794 2739 debeantur,
819 2664 951 2723 dubitari
973 2665 1091 2740 nequit,
1121 2665 1242 2723 cumin
1265 2664 1388 2724 codici-¹

224 2767 283 2824 bue
312 2765 433 2826 demum
460 2767 678 2826 recentissimis
701 2771 731 2824 et
751 2766 980 2826 licentissimam
996 2768 1258 2850 interpolationem
1274 2768 1375 2846 passis

118 2871 120 2876 ’
226 2864 438 2946 reperiantur),
461 2870 546 2929 uelut
569 2868 772 2944 conferantur,
796 2890 873 2946 quae
895 2892 924 2949 p.
949 2859 1079 2948 68,*17;
1110 2873 1160 2948 74,
1186 2873 1239 2940 10,
1265 2873 1315 2946 79,
1340 2873 1373 2946 5,

229 2972 278 3046 79,
302 2972 358 3045 25,
390 2974 441 3048 87,
466 2976 520 3048 12,
551 2974 627 3048 109,
653 2973 708 3048 15,
737 2995 776 3033 ne
803 2974 891 3051 plura
919 2973 1054 3034 eiusdem
1081 2975 1201 3052 generis
1230 2974 1375 3050 adferam,

226 3074 434 3150 inueniuntur;
469 3095 575 3136 rursus
603 3075 669 3136 fieri
695 3084 814 3156 potest,
845 3084 879 3136 ut
907 3097 975 3136 cum
999 3077 1050 3138 alii
1072 3078 1226 3138 scribendi
1248 3097 1375 3152 erroree,

227 3185 291 3236 tum
313 3179 438 3239 lacunae
461 3180 610 3257 quaedam
636 3181 786 3241 notabiles
817 3188 847 3241 et
876 3182 1125 3259 interpolationes
1149 3201 1185 3240 ex
1208 3181 1375 3240 altoreille

228 3284 401 3360 apographo
434 3285 465 3343 in
499 3284 619 3344 codices
653 3283 817 3345 deteriores
851 3285 990 3344 uenerint
1022 3282 1119 3359 (uelut
1153 3304 1204 3358 ea,
1239 3304 1316 3359 quae
1345 3285 1376 3343 in

226 3385 361 3445 Fickerti
395 3395 543 3465 apparatu
572 3388 676 3448 critico
703 3388 740 3446 iis
769 3388 844 3448 locis
880 3386 1065 3461 afferrmtm,
1100 3387 1151 3463 qui
1177 3387 1225 3446 his
1254 3393 1376 3448 nostrae

228 3488 368 3548 editionis
390 3491 466 3549 locis
493 3491 693 3568 respondent:
728 3511 757 3568 p.
782 3491 833 3566 54,
856 3493 891 3564 4,
921 3491 971 3566 58,
997 3492 1051 3564 15,
1081 3485 1133 3565 60,
1156 3491 1212 3565 28,
1244 3492 1295 3566 80,
1321 3490 1374 3563 16,

227 3591 283 3666 82,
307 3593 363 3665 23,
400 3594 558 3668 105,15,
596 3596 667 3668 111,
691 3595 724 3667 5,
762 3594 917 3668 163,18,
955 3595 1030 3667 165,
1056 3596 1110 3668 12,
1148 3594 1223 3668 160,
1250 3595 1289 3651 14
1312 3612 1374 3668 00,

229 3695 300 3770 172,
325 3696 357 3769 7,
395 3697 472 3771 174,
497 3698 531 3770 7,
570 3697 645 3771 176,
670 3697 704 3770 5,
741 3697 891 3772 177,13,
929 3698 1086 3773 180,13,
1123 3698 1199 3772 182,
1223 3698 1242 3754 9
1266 3698 1374 3770 0114,

229 3797 300 3872 197,
325 3799 357 3874 7,
388 3829 429 3838 -—
457 3821 485 3878 p.
511 3801 561 3874 29,
586 3800 604 3857 6
629 3819 711 3878 000,
747 3801 946 3876 307000,
982 3800 1032 3876 59,
1056 3801 1111 3874 29,
1147 3800 1203 3874 66,
1227 3802 1264 3859 31
1291 3818 1374 3874 000,

230 3902 307 3976 104,
331 3904 388 3976 24,
426 3904 501 3978 169,
525 3905 559 3978 4,
597 3905 673 3977 170,
696 3906 730 3978 2,
768 3905 923 3978 172,11,
962 3905 1038 3979 176,
1065 3904 1103 3962 15
1127 3923 1188 3978 00,
1225 3903 1295 3978 195,
1319 3903 1374 3976 23,

231 4004 503 4081 190,100113,
538 4009 611 4081 201,
636 4007 670 4080 5,
707 4007 786 4082 205,
813 4008 851 4065 13
874 4025 936 4082 00,
972 4008 1051 4082 385,
1076 4007 1111 4075 6,
1143 4037 1184 4046 -
1207 4027 1237 4084 p.
1261 4006 1317 4080 56,
1341 4007 1374 4078 3,

228 4107 278 4181 88,
303 4109 359 4181 20,
391 4111 460 4184 122,
487 4113 519 4183 1,
550 4111 621 4184 159,
648 4111 701 4184 18,
733 4111 804 4184 165,
827 4112 862 4181 4,
894 4111 964 4186 181,
990 4113 1043 4186 11,
1070 4111 1140 4186 188,
1166 4111 1219 4183 11,
1247 4110 1317 4184 191,
1341 4110 1375 4180 8,

228 4210 305 4284 209,
331 4213 384 4280 14,
419 4214 491 4288 277,
516 4199 599 4287 18)(
633 4211 748 4272 Uerum
775 4219 877 4272 tamen
904 4213 947 4272 ita
974 4219 1092 4272 tantum
1120 4212 1157 4273 de
1184 4214 1233 4272 his
1263 4211 1378 4287 aliquid

228 4319 312 4372 certo
334 4313 493 4375 adfirmare
515 4315 680 4404 1100101,οἱ
703 4336 807 4375 omnes
830 4315 960 4392 codices,
984 4323 1131 4393 quotquot
1149 4317 1199 4377 uel
1217 4336 1254 4376 ex
1273 4315 1376 4376 codice

227 4417 427 4478 Ambrosiano
444 4420 494 4478 uel
512 4440 550 4479 ex
572 4420 666 4478 altero
689 4418 740 4478 1110
764 4419 921 4498 archetypi
944 4421 1118 4499 apographo
1132 4420 1271 4480 ‚deriuati
1294 4425 1374 4494 sunt,

297 4632 505 4690 commentario
523 4635 625 4690 critico
645 4635 804 4691 desiderari
823 4635 890 4704 dixi,
909 4637 969 4692 iam
987 4641 1055 4691 ante
1073 4636 1152 4690 illius
1168 4636 1282 4691 librarii
1296 4643 1376 4692 aeta-

296 4725 356 4773 tem
374 4718 482 4775 amissa
500 4739 572 4776 0000.
654 4710 658 4718 ’
