3228 5330
392 459 434 500 An
456 460 615 501 ravnmvu
636 461 677 500 nn
699 459 871 502 eanvmarn
893 425 995 510 viram
1019 458 1137 498 1v—V1.
1218 513 1227 530 .
1274 433 1337 496 313

277 625 336 690 VI.
381 623 499 690 Liuius
522 625 652 690 Drusus
681 605 735 688 ¹uir
757 646 836 688 acer
859 629 892 688 et
914 622 1108 706 uehemens,
1143 642 1220 712 curn
1241 620 1336 706 leges
1356 639 1370 692 1

193 758 300 800 nouas
324 741 358 800 et
379 733 469 799 mala
492 731 688 798 Gracchana
709 734 881 817 mouisset,
913 732 1056 819 stipatus
1078 717 1210 818 ingenti
1232 732 1336 796 totius

167 907 169 912 ,
192 845 312 909 Italiae
335 849 444 926 coetu,
480 843 606 910 exitum
627 864 739 907 rerum
761 865 830 907 non
852 841 1044 929 peruidens,
1072 825 1157 927 quas
1180 863 1243 905 nec
1263 862 1336 922 per-

194 975 293 1038 agere
321 951 447 1016 licebat
474 974 538 1017 nec
560 953 628 1018 iam
649 950 794 1016 liberum
816 957 888 1016 erat
910 950 1015 1016 semel
1037 949 1212 1016 incohatas
1234 950 1335 1014 relin-

166 1083 312 1147 aquere,
359 1065 533 1125 execratus
572 1060 758 1145 inquietam
798 1083 818 1125 a
850 1059 1041 1146 primordiis
1075 1059 1180 1124 uitam
1214 1058 1338 1123 dicitur

193 1170 332 1236 dixisse:
367 1168 436 1233 ‘uni
464 1169 529 1233 sibi
556 1192 600 1233 ne
628 1191 733 1254 puero
764 1168 900 1254 quidem
923 1190 1083 1252 umquam
1103 1165 1205 1232 ferias
1229 1167 1336 1231 conti·

191 1279 301 1364 gisse'.
356 1276 469 1342 Ausus
500 1283 551 1342 est
574 1278 663 1342 enim
687 1284 720 1341 et
742 1277 891 1364 pupillus
914 1276 1025 1342 adhuc
1050 1283 1083 1340 et
1105 1281 1371 1362 praetextatum

110 1439 115 1444 .
190 1386 360 1451 iudicibus
393 1408 470 1450 reos
505 1385 741 1452 commendare
776 1392 809 1450 et
837 1385 981 1471 gratiam
1009 1407 1105 1451 suam
1131 1382 1206 1451 foro
1233 1385 1336 1448 inter-

191 1517 317 1582 ponere
339 1502 409 1559 tam
432 1480 617 1560 efficaciter
639 1494 784 1579 quidem,
808 1501 846 1559 ut
868 1494 1034 1580 quaedam
1056 1492 1182 1564 iudicia
1205 1497 1338 1558 constet

154 1634 178 1671 ιο
192 1603 234 1668 ab
256 1602 315 1668 illo
338 1608 443 1688 rapta,
491 1603 564 1680 Quo
587 1625 657 1668 non
680 1610 870 1689 erumperet
891 1609 960 1667 tam
982 1602 1151 1667 inmatura
1174 1601 1337 1666 ambitio?

193 1711 295 1776 scires
317 1712 351 1776 in
375 1710 501 1776 malum
523 1713 643 1797 ingens
667 1718 701 1776 et
723 1713 894 1797 priuatum
917 1717 951 1776 et
967 1711 1143 1798 publicum
1160 1731 1338 1775 suasuram

193 1823 281 1902 (tana)
304 1841 532 1906 praecoquem
555 1821 745 1905 audaciam3
769 1843 844 1886 sero
866 1821 982 1906 itaque
1002 1819 1209 1905 querebatur
1225 1817 1336 1883 nullas

192 1928 256 1992 sibi
288 1926 389 1993 ferias
424 1929 607 2014 contigisse
641 1952 661 1993 a
693 1951 799 2014 puero
833 1929 1013 1995 seditiosus
1048 1935 1081 1993 et
1108 1927 1183 1994 foro
1212 1928 1335 2013 grauis.
1371 1981 1373 1985 .

191 2037 401 2123 Disputatur,
426 2059 469 2102 an
490 2037 564 2122 ipse
587 2037 652 2102 sibi
674 2059 793 2102 manus
817 2038 983 2121 attulerit3
1015 2038 1126 2104 subito
1152 2038 1238 2102 enim
1263 2036 1336 2102 uol-

154 2169 272 2214 1611616
299 2169 361 2232 per
387 2146 515 2231 inguen
543 2152 683 2232 accepto
713 2147 892 2233 conlapsus
916 2153 977 2230 est,
1011 2146 1124 2231 aliquo
1148 2146 1335 2229 dubitante,

193 2277 235 2319 an
251 2276 340 2319 mors
359 2253 431 2318 eius
448 2255 642 2320 uoluntaria
658 2262 757 2340 esset,
774 2255 878 2340 nulle,
897 2278 941 2320 an
954 2255 1166 2341 tempestiua.
1212 2254 1335 2340 Super·
1354 2269 1371 2322 3

175 2385 337 2428 uacuum
361 2367 411 2427 est
433 2359 695 2429 commemorare
718 2365 840 2450 plures,
865 2364 932 2450 qui,
957 2386 1033 2428 cum
1056 2361 1337 2427 aliis'felicissimi

191 2471 397 2555 uiderentur,
430 2463 495 2557 ipsi
523 2472 560 2535 in
588 2493 623 2536 se
651 2495 771 2537 uerum
792 2473 1023 2537 testimonium
1046 2471 1203 2536 dixerunt
1224 2469 1354 2555 perosi

193 2601 325 2644 omnem
359 2586 471 2644 actum
505 2603 669 2646 annorum
686 2581 688 2586 ’
703 2603 856 2665 suorum3
902 2579 963 2645 sed
994 2579 1047 2644 his
1081 2579 1239 2664 querellis
1272 2600 1336 2642 nec

153 2721 178 2756 aa
194 2687 276 2753 alios
298 2694 515 2752 mutauerunt
536 2711 600 2753 nec
624 2712 660 2755 se
682 2690 789 2776 ipsos:
812 2713 892 2754 nam
914 2712 992 2754 cum
1014 2688 1121 2754 uerba
1144 2693 1336 2774 eruperunt,

192 2794 345 2860 adfectus
364 2795 406 2860 ad
425 2797 704 2863 consuetudinem
721 2797 928 2864 relabuntur.
972 2799 1097 2864 Uestra
1114 2794 1336 2862 mehercules
1354 2809 1371 2860 4

192 2904 273 2988 uita,
305 2904 386 2968 licet
413 2927 515 2992 supra
536 2907 628 2972 mille
652 2929 758 2972 annos
781 2913 888 2991 exeat,
922 2908 958 2972 in
982 2907 1183 2971 artissimum
1206 2911 1337 2970 contra-

192 3010 306 3078 hetur:
340 3013 406 3077 ista
438 3014 522 3079 uitia
549 3015 679 3080 nullum
707 3038 778 3080 non
808 3015 980 3081 saeculum
1010 3015 1237 3098 deuorabunt3
1271 3013 1338 3078 hoc

192 3142 272 3185 uero
304 3122 458 3208 spatium,
493 3123 593 3208 quod,
627 3125 780 3209 quamuis
808 3130 930 3202 natura
953 3125 1065 3206 cmrit,
1098 3124 1185 3189 ratio
1209 3121 1337 3206 dilatat,

193 3340 207 3391 1
233 3346 350 3394 accr.et
373 3337 531 3394 uehemens
558 3338 591 3397 11
717 3359 783 3395 cum
808 3341 889 3410 leges
915 3357 1007 3394 nouas
1035 3341 1061 3395 a
1086 3340 1163 3394 mala
1189 3339 1338 3409 grachana

191 3424 332 3480 mouisset
360 3425 392 3491 1;
420 3443 485 3479 cum
511 3425 591 3495 leges
619 3433 649 3482 et
675 3427 752 3481 mala
770 3425 943 3481 Gracchana
968 3430 1107 3480 nouasset
1133 3427 1202 3480 coni.
1221 3424 1248 3479 J.
1268 3441 1292 3478 6.
1311 3425 1337 3479 d.

1276 3521 1286 3548 E

199 3561 268 3616 Vliet
283 3563 314 3614 ia
333 3561 463 3616 Mnemon.
482 3561 517 3616 N.
538 3560 564 3614 S.
584 3562 621 3616 X.
639 3579 666 3631 p.
685 3564 743 3629 135,
761 3578 817 3616 666
834 3563 1056 3630 improbabiliter.
1133 3561 1279 3631 2stipatu
1306 3560 1338 3617 11

90 3641 93 3648 '
190 3647 291 3710 161166
309 3662 414 3714 666666,
431 3647 480 3700 nbi
495 3663 576 3715 saepe
594 3665 607 3701 s
625 3664 711 3717 supra
728 3654 828 3702 ceteras
846 3647 952 3703 litteras
970 3647 1106 3703 scribitur.
1197 3644 1338 3723 BoetuA

259 3748 399 3801 peragere
417 3731 523 3800 6661661,
548 3733 581 3786 de
599 3749 650 3800 quo
670 3735 750 3787 ettam
768 3732 847 3788 Koch
865 3736 1040 3802 copitaaerat,
1058 3734 1107 3801 qut
1118 3739 1234 3800 propter
1252 3735 1339 3786 tecam

192 3818 268 3885 epist.
292 3819 334 3884 59,
360 3819 394 3871 13
417 3834 472 3871 666
494 3825 563 3872 recte
588 3819 767 3873 coniecturam
790 3820 899 3885 abiecta
926 3817 1052 3886 ageret
1155 3819 1172 3872 4
1198 3816 1257 3871 iam
1279 3834 1337 3885 ap.;

191 3902 261 3958 tat
363 3891 516 3958 incohatas
534 3903 592 3956 siae
610 3904 899 3972 66116166666111,
927 3921 960 3957 aa
979 3903 1056 3958 66166
1075 3905 1213 3970 scriptura
1231 3902 1338 3957 litterae

179 3988 348 4043 ·inco.atas
367 3997 436 4043 certo
454 3989 651 4056 dispicientem
678 3989 827 4044 inchoatas
845 3990 878 4046 1ὓ
982 3990 1046 4043 iia
1062 4005 1114 4058 mp.
1132 3986 1178 4044 Aa
1204 3987 1344 4056 Pupillus.

192 4079 208 4128 ὅ
226 4074 313 4129 orbus
332 4080 460 4144 parente.
478 4074 510 4128 in
529 4073 584 4128 cui’
601 4080 749 4143 potestate
768 4081 784 4130 ὁ
802 4075 879 4130 infra
896 4073 1148 4145 quartumdecimu
1166 4079 1251 4128 annu.

191 4180 375 4248 pretextatus
399 4175 421 4233 1
447 4175 514 4243 (666
531 4177 728 4245 pretextatus)
831 4179 849 4232 8
875 4177 1047 4232 comendare
1066 4182 1097 4232 et
1113 4163 1235 4246 gramsta

193 4263 226 4317 12
242 4268 304 4316 tam
321 4278 514 4332 praecoquem
531 4262 636 4316 codices
654 4279 734 4317 6666.
754 4263 898 4329 11661666
916 4280 1003 4334 preco
1022 4280 1107 4331 quem
1125 4262 1169 4329 A¹;
1187 4264 1219 4316 ia
1235 4277 1286 4328 669.
1305 4260 1339 4317 1ὃ

191 4355 223 4402 at
247 4347 303 4402 aid.
330 4339 436 4418 pmatt
461 4346 708 4415 (praematuram).
821 4349 998 4419 querebatur
1023 4347 1058 4415 1,
1085 4362 1155 4402 corr.
1183 4363 1226 4415 ap.

193 4433 225 4487 15
242 4451 262 4504 p
278 4433 386 4502 inguen
404 4434 463 4488 6166
480 4433 562 4487 datto
579 4432 674 4488 tabuit
690 4430 730 4499 11,
749 4440 780 4487 at
796 4450 838 4501 ap.
859 4434 960 4501 editam
979 4451 997 4504 p
1014 4433 1099 4499 ignes
1116 4432 1149 4489 A*
1166 4433 1195 4486 ia
1213 4447 1269 4486 rar.

192 4518 557 4584 16116116(ο666666)1
633 4518 667 4572 21
685 4517 812 4583 affectus
830 4518 863 4574 1ὓ
939 4519 974 4573 23
991 4516 1126 4590 66611111
1201 4518 1339 4588 2466161

191 4604 220 4670 1,
239 4606 286 4659 sed
302 4621 390 4671 capra
406 4615 425 4676 p
444 4602 477 4661 Al
494 4603 604 4658 uidetur
621 4621 639 4658 a
656 4606 808 4671 scripsisse,
827 4605 900 4672 qaod
915 4610 1010 4672 postea
1028 4605 1143 4660 deletum
1161 4610 1212 4672 est3
1240 4609 1339 4657 currat

191 4705 263 4744 6666
281 4687 310 4756 D,
330 4689 377 4743 aad
393 4689 576 4744 tadteattaam
594 4688 704 4755 defendi
718 4705 801 4757 posse
819 4690 926 4744 ostendi
944 4689 981 4743 ad
997 4689 1041 4743 lto.
1060 4689 1092 4743 de
1109 4688 1195 4754 benef.
1215 4687 1255 4753 ΙΙ,
1273 4690 1300 4754 2,
1318 4689 1339 4741 2

163 4790 169 4800 ·
186 4791 217 4842 p.
235 4776 297 4829 201.
401 4774 477 4829 ratio
495 4791 577 4829 6666.
595 4770 617 4831 D
637 4782 662 4830 et
679 4791 736 4844 upa
754 4773 834 4828 natio
852 4772 874 4830 1
