3144 5344
235 383 282 443 IV

236 576 425 630 morarentur
456 568 562 645 digna3
603 568 657 628 sed
689 586 728 625 ne
761 567 930 626 attulissem
965 567 1094 642 quidem,
1133 567 1193 627 nisi
1216 588 1261 626 ea
1294 569 1379 642 ratio,

236 693 325 748 quam
342 672 480 731 Kochius
502 665 756 745 (autVahlenius)
777 670 809 729 in
831 669 945 729 codicis
967 669 1125 748 scripturis
1149 689 1381 732 commemoran-

236 775 284 834 dis
317 781 442 834 secutus
475 780 554 849 erat,
594 772 809 832 necessitatem
840 772 914 831 mihi
945 773 1141 851 imposuisset
1172 772 1247 833 haec
1281 761 1384 834 eorum

237 898 329 938 causa
351 876 508 953 afferendi,
538 876 717 953 quicumque
740 895 837 936 meam
859 875 1020 936 editionem
1043 883 1074 935 et
1095 875 1284 937 Kochianam
1305 877 1384 936 inter

145 1057 149 1067 Ι
236 1001 269 1040 se
297 1000 472 1059 comparare
493 979 653 1040 noluerint.
711 977 850 1038 Ceterum
873 979 1022 1055 quaedam
1042 979 1244 1040 minutissima
1265 997 1383 1055 quoque

237 1083 388 1143 interdum
414 1082 526 1142 afferre
553 1082 621 1142 ideo
650 1082 911 1162 operaepretium
934 1102 1002 1142 esse
1023 1083 1123 1142 uisum
1145 1088 1216 1158 est·
1235 1089 1270 1141 ut
1292 1103 1383 1162 appa-

235 1194 330 1261 reret,
365 1206 455 1262 quam
489 1185 592 1263 pusilii
619 1183 732 1245 codicis
759 1185 952 1244 Ambrosiam
979 1182 1042 1260 (uel
1069 1180 1238 1263 archetypi)
1266 1204 1384 1245 errores

236 1289 337 1364 qualia
375 1288 543 1365 scripturae
583 1283 719 1348 monstra
751 1288 781 1346 in
816 1287 1016 1348 deterioribus
1050 1287 1206 1348 codicibus
1238 1307 1383 1365 generare

235 1391 420 1470 potuissent;
455 1391 635 1468 quicumque
662 1390 798 1450 Fickerti
831 1398 1011 1470 apparatum
1044 1391 1182 1450 criticum
1215 1410 1284 1449 cum
1315 1410 1383 1450 meo
1484 1439 1487 1446 ι

236 1514 411 1573 comparare
439 1494 583 1569 uoluerit,
618 1492 745 1553 adfatim
772 1494 975 1572 exemplorum
1003 1495 1107 1554 statim
1133 1494 1281 1570 inueniet,
1314 1514 1384 1553 nam

235 1598 283 1656 his
317 1596 458 1658 sordibus
491 1616 547 1674 ego
582 1597 828 1658 commentarium
860 1617 959 1658 meum
992 1616 1117 1656 onerare
1150 1595 1293 1673 dignatis
1324 1616 1384 1656 non

237 1721 312 1762 sum.
320 1696 350 1775 *Ι
639 1688 641 1695 ’

322 1802 383 1862 Sed
410 1805 530 1881 teinpus
557 1808 615 1878 est,
650 1809 684 1862 ut
711 1803 751 1863 ad
778 1803 930 1882 propriam
953 1802 1093 1862 editionis
1114 1821 1200 1861 meae
1221 1799 1383 1880 praefatio·

236 1927 304 1967 nem
327 1906 484 1980 accedam;
508 1906 610 1981 itaque
632 1925 650 1964 a
668 1906 786 1992 codicis
799 1906 1011 1985 'descriptione
1033 1904 1236 1983 incipiendum
1258 1911 1313 1963 est.

321 2010 381 2069 Hic
404 2008 509 2083 codex,
533 2009 584 2086 qui
606 2009 637 2068 in
659 2009 843 2070 bibliotheca
863 2009 1065 2069 Ambrosiana
1086 2009 1196 2068 litteris
1219 2007 1318 2087 Ong
1336 2009 1384 2065 90

236 2121 330 2192 part.
359 2110 424 2173 inf.
453 2113 600 2190 signatur,
636 2114 885 2173 membranaceus
914 2119 962 2172 est
988 2111 1054 2172 folii
1081 2110 1214 2186 minoris,
1248 2113 1290 2170 88
1311 2109 1385 2171 folia

237 2216 405 2290 continens,
440 2215 550 2292 quibus
579 2215 638 2274 duo
666 2235 726 2275 non
754 2214 913 2294 adipsum
937 2213 1073 2274 codicem
1094 2214 1276 2292 pertinentia
1297 2235 1384 2294 prae·

236 2317 297 2378 fixa
319 2325 398 2391 sunt.
443 2317 481 2377 In
503 2317 610 2377 horum
632 2317 728 2396 primo
751 2337 841 2378 uerso
862 2318 938 2378 haec
960 2317 1104 2395 legimus:
1207 2355 1209 2360 -

324 2421 468 2499 „Senecae
500 2420 594 2479 multa
629 2421 783 2498 opuscula,
818 2440 944 2498 quorum
971 2420 1102 2480 indicem
1131 2414 1137 2496 Ι
1166 2420 1261 2480 habos
1283 2420 1314 2493 in
1337 2439 1384 2479 se-

240 2524 358 2601 „cunda
385 2523 504 2602 pagina.
535 2514 541 2600 Ι
571 2523 632 2582 Sed
662 2522 787 2582 aduerte
815 2524 993 2602 opusculum
1021 2523 1059 2581 de
1087 2523 1148 2582 otio
1176 2530 1207 2581 et
1236 2523 1274 2582 ad
1296 2523 1385 2601 Poly-

240 2628 342 2706 „bium
372 2620 377 2703 Ι
406 2647 467 2685 ιιοιι
495 2625 620 2702 reperiri
648 2625 679 2684 in
706 2627 763 2686 hoc
792 2626 904 2687 codice.
936 2618 942 2704 Ι
972 2625 1123 2685 Gaeterum
1150 2626 1198 2684 hic
1221 2625 1317 2685 codex
1339 2632 1387 2684 est

241 2731 340 2809 „notis
363 2749 435 2790 sane
458 2728 556 2788 doctis
579 2726 754 2807 adspersus,
777 2729 887 2788 litteris
917 2721 923 2807 Ι
952 2727 1163 2807 Longobardis
1185 2729 1384 2806 conscriptus,

241 2834 519 2910 „septingentorum
548 2838 579 2890 et
606 2830 734 2909 amplius
764 2825 770 2907 Ι
801 2851 946 2890 annorum
975 2832 1153 2908 antiquitate
1180 2830 1386 2906 uenerandus,

241 2934 381 3012 „multiq;
405 2933 573 2993 faciendus.

327 3037 497 3112 „Felicibus
520 3035 662 3114 auspiciis
679 3031 764 3096 1113,ἰ
782 3035 870 3096 Card.
889 3035 1028 3096 Foderici
1045 3035 1386 3112 BorrhomaeiArchiep.

242 3139 381 3215 „Medici
405 3138 554 3197 Antonius
578 3137 719 3215 Olgiatus
741 3139 864 3218 scripsit
887 3159 964 3199 anno
989 3140 1080 3199 1603.

327 3241 428 3317 „Illud
450 3241 541 3300 etiam
563 3246 593 3300 te
615 3261 731 3318 moneo,
754 3243 970 3302 humanissime
981 3241 1102 3317 Lector,
1127 3261 1164 3300 ex
1185 3242 1242 3301 hoc
1263 3239 1387 3320 potissi-

243 3365 342 3421 „mum
376 3343 480 3403 codice
508 3343 660 3403 Muretum
694 3345 741 3404 sui
770 3345 893 3404 Senecae
928 3363 1017 3420 quem
1051 3343 1146 3404 edidit
1173 3344 1389 3404 correctionem

243 3447 396 3527 „petiissq
430 3465 519 3522 quem
548 3446 625 3504 tanti
652 3445 736 3521 fecit,
769 3454 803 3506 ut
832 3467 898 3506 eum
927 3448 958 3505 in
987 3448 1050 3506 suis
1077 3446 1158 3505 notis
1181 3446 1220 3506 ad
1242 3445 1389 3504 Senecam

245 3549 367 3626 „multis
389 3546 531 3607 laudibus
554 3529 704 3607 extulerit.
748 3550 832 3626 Lege
854 3556 943 3609 notas
966 3549 1005 3608 ad
1026 3547 1070 3627 pi}
1091 3548 1128 3607 de
1150 3550 1195 3608 ira
1217 3567 1309 3626 super
1330 3546 1389 3606 illis

244 3653 365 3729 „uerbis
392 3651 541 3727 &medum
561 3668 637 3710 seue
658 3669 758 3723 manu,
792 3653 887 3711 uerbis
909 3654 1058 3725 parciores
1086 3648 1164 3730 (cap.
1187 3652 1217 3727 4,
1247 3646 1288 3724 3).
1338 3649 1389 3709 In-

245 3762 342 3834 „epte‚
372 3755 414 3813 ait
435 3754 583 3829 Muretus,
611 3753 642 3812 in
665 3753 731 3812 aliis
753 3754 853 3813 libris:
893 3753 1031 3828 Quoedom
1053 3747 1115 3813 sede
1137 3757 1263 3812 monent.
1313 3751 1390 3811 Haec

247 3856 444 3933 „emendatiq
480 3862 514 3914 ut
541 3855 607 3915 aliae
634 3855 787 3933 pler-eque,
822 3877 859 3915 ex
882 3858 993 3933 optimo
1016 3863 1047 3917 et
1068 3855 1274 3915 uetustissimo
1297 3854 1391 3914 Libro

246 3960 367 4036 „Siculo
396 3967 451 4019 est.
496 3957 575 4018 Vide
603 3957 640 4016 de
667 3959 757 4018 beata
785 3959 849 4017 uite
876 3958 906 4016 in
934 3959 994 4019 illis
1022 3958 1139 4018 uerbis:
1174 3958 1225 4015 Me
1250 3958 1391 4015 Immiacm

246 4065 389 4139 „maome
411 4061 547 4135 copiaco,
572 4078 639 4120 cum
661 4060 726 4120 Dus
747 4062 854 4135 cadim
889 4062 1054 4122 cmmultobo
1077 4055 1156 4137 (cap.
1180 4061 1231 4134 25,
1254 4055 1296 4133 4).
1341 4057 1392 4117 Sic

247 4165 327 4242 ηαΙίΙ,
362 4172 393 4225 at
415 4169 526 4241 quanto
549 4163 666 4239 melius,
690 4163 812 4240 quoda
832 4183 880 4222 me
903 4184 940 4223 ex
955 4163 1038 4240 ¹libro
1061 4161 1163 4221 Siculo
1186 4168 1305 4221 erutum
1327 4167 1390 4220 est:

244 4296 472 4307 ——-.—-

266 4346 297 4414 ΙΙ
315 4347 358 4403 Ut
380 4363 471 4401 unum
494 4343 542 4398 hio
565 4325 729 4414 exemplum
751 4344 890 4412 adferam,
918 4344 983 4414 quie
1007 4343 1140 4400 crederet
1157 4343 1221 4398 fieri
1239 4359 1333 4412 posse,
1359 4347 1393 4396 ut

313 4450 340 4501 p.
362 4432 421 4499 311,
446 4431 479 4483 12
506 4429 537 4484 in
560 4430 609 4484 lib.
634 4430 669 4484 de
693 4430 839 4486 breuitate
862 4429 941 4485 uitae
965 4431 990 4498 4,
1012 4431 1030 4483 4
1053 4431 1096 4498 (:
1120 4429 1156 4496 V,
1177 4431 1195 4483 2
1224 4427 1267 4484 ed.
1290 4425 1333 4494 F.)
1357 4445 1394 4481 ex

313 4515 467 4586 archetypi
489 4514 635 4583 scriptura
659 4518 707 4584 qui
727 4516 881 4571 bominibus
898 4516 1059 4584 pomtibueffl
1088 4515 1152 4585 (pro
1167 4513 1337 4582 ρειιέίὸιωᾳς)
1362 4511 1395 4566 in

314 4599 508 4656 deterioribus
526 4599 599 4654 haec
618 4607 782 4655 orerentur:
810 4600 888 4668 pcto,-
906 4599 1029 4654 omm'hue
1046 4599 1213 4668 cernentibus
1230 4597 1320 4666 quae?
1355 4596 1393 4650 Et

294 4677 296 4682 ¹
315 4688 407 4741 multa
425 4685 534 4742 adsoni
553 4691 676 4754 possunt
694 4684 806 4740 similia.
