3144 5344
266 415 381 476 XVIII

266 624 321 682 pro
345 598 490 662 ‘rixam'
514 601 681 677 similiaque
709 602 860 678 permulta
888 604 1019 681 scripsit,
1053 605 1110 662 hoc
1139 605 1316 682 plerumque
1344 603 1413 662 ideo

266 713 383 766 tantum
399 704 509 764 fecisse
526 704 655 779 uidetur,
684 712 718 762 ut
734 704 791 763 hoc
810 705 986 783 compendio
1009 713 1159 781 uteretur,
1183 727 1252 766 nam
1275 726 1414 784 compen-

265 809 380 868 diorum
393 809 511 868 omnino
524 808 571 866 hic
585 815 737 866 corrector
749 808 989 868 studiosissimus
1002 817 1058 868 est.
1097 809 1166 878 Huc
1178 810 1318 888 pertinet,
1331 809 1413 884 quod

264 907 438 990 ‘partib⁹,
463 908 575 986 tort⁹,
599 908 811 988 erepnosi9,
830 909 947 971 thor9’
967 932 1023 990 pro
1043 907 1247 990 ‘partibus,
1267 921 1410 987 tortus,

264 1013 542 1089 aerumnosius,
592 1016 714 1073 torus’
749 1014 868 1090 aliaque
901 1014 1010 1074 similia
1043 1015 1180 1093 scripsit,
1231 1035 1413 1091 quamquam

262 1117 338 1178 haec
354 1117 469 1177 rariora
493 1124 577 1190 sunt;
602 1116 746 1190 similiter,
771 1117 852 1192 quod
875 1138 930 1195 pro
953 1122 981 1176 et
1002 1118 1051 1176 uel
1073 1117 1203 1194 ligatura
1225 1121 1266 1194 ot,
1296 1140 1356 1195 qua
1377 1098 1425 1177 A?

262 1220 438 1300 plerumque
460 1219 565 1294 utitur,
598 1219 750 1278 nonnullis
772 1219 848 1280 locis
871 1220 982 1297 siglum
1003 1245 1019 1294 g
1042 1221 1092 1281 uel
1113 1235 1128 1285 7
1151 1222 1308 1280 substituit
1341 1218 1409 1296 (cfr.

261 1345 291 1402 p.
316 1325 366 1399 89,
398 1323 435 1380 17
459 1331 490 1382 et
512 1324 566 1396 21;
604 1324 674 1397 132,
703 1324 737 1396 83
775 1324 845 1397 136,
871 1319 976 1397 14);*)
1009 1323 1064 1382 sed
1086 1331 1208 1401 praeter
1230 1332 1331 1384 cetera
1352 1325 1411 1384 hoc

263 1425 554 1486 commemorandum
588 1433 644 1500 est,
679 1426 760 1501 quod
793 1426 1033 1485 coniunctionem
1067 1445 1120 1500 que
1148 1426 1237 1504 plene
1267 1428 1411 1505 scriptam

262 1550 322 1589 non
344 1528 493 1605 tolerauit,
518 1549 606 1605 quam
628 1529 782 1588 rarissime
804 1529 848 1588 ita
864 1530 1003 1605 correxit,
1026 1536 1062 1588 ιιι
1078 1547 1142 1622 quse
1164 1531 1320 1606 scriberet,
1343 1551 1410 1608 per-

263 1670 354 1728 saepe
376 1669 448 1708 uero
470 1649 521 1725 ita,
551 1658 585 1708 ut
607 1649 725 1708 duabus
748 1650 862 1708 ultimis
884 1651 994 1710 litteris
1016 1651 1106 1728 plane
1129 1650 1225 1710 erasis
1248 1651 1410 1710 semicolon

261 1754 293 1812 in
325 1754 441 1812 rasuris
474 1752 672 1812 substitueret
704 1749 789 1827 (qa).
851 1752 940 1826 Quod
967 1771 995 1828 e,
1030 1763 1064 1811 ut
1092 1753 1168 1828 dixi,
1203 1774 1258 1831 pro
1286 1773 1320 1812 ue
1349 1748 1410 1829 (uel

262 1857 353 1916 etiam
374 1876 429 1935 pro
448 1878 463 1930 q
482 1875 569 1915 erasa
591 1849 724 1932 uirgula)
748 1857 915 1930 substituit,
945 1857 976 1916 in
999 1857 1056 1916 hac
1078 1877 1111 1915 re
1135 1864 1288 1916 corrector
1310 1857 1410 1915 ortho-

262 1959 415 2038 graphicis
438 1960 486 2018 sui
508 1960 652 2038 temporis
673 1959 846 2037 praeceptis
869 1960 1032 2020 obsecutus
1055 1967 1115 2034 est;
1151 1959 1257 2019 eadem
1285 1959 1411 2018 aliarum

263 2083 381 2140 qnoque
415 2063 633 2123 correctionum
667 2081 759 2121 causa
791 2061 858 2120 fuit.
924 2062 984 2122 Hic
1023 2062 1314 2122 commemorandum
1353 2069 1410 2136 est,

261 2165 341 2226 hunc
380 2173 581 2226 correctorem
619 2165 783 2224 innumeris
819 2164 886 2224 'fere
925 2166 1000 2225 locis
1045 2165 1273 2225 adsimilationis
1317 2153 1410 2223 causa

263 2264 462 2345 affectus,
494 2269 629 2346 alligo,
660 2275 829 2343 emoneo,
853 2277 1002 2347 appeto,
1026 2268 1218 2328 assiduus'
1242 2268 1410 2343 similiaque

261 2391 385 2432 rasurae
408 2393 465 2450 ope
488 2369 643 2446 effecisse,
671 2373 777 2430 ubis1
801 2371 866 2431 sine
893 2371 984 2431 dubio
1013 2371 1211 2450 archetypum
1238 2371 1410 2449 exprimens

261 2475 493 2555 praepositionis
516 2478 555 2535 ccl
581 2475 709 2535 formam
736 2495 796 2534 non
818 2483 964 2534 mutatam
992 2475 1168 2551 reliquerat;
1200 2482 1333 2533 ceterum
1361 2474 1409 2532 hic

261 2580 322 2640 illic
350 2580 410 2639 iam
437 2579 505 2656 ipsa
533 2581 565 2636 Αι
590 2598 625 2638 ae
652 2579 749 2655 magis
778 2578 869 2637 etiam
892 2580 925 2635 Α2
954 2586 985 2639 et
1013 2580 1045 2635 Al
1074 2579 1201 2655 primam
1230 2578 1409 2654 scripturam

262 2683 351 2742 solita
378 2683 437 2742 sibi
464 2665 580 2741 ratione
609 2682 713 2740 eodem
746 2681 834 2741 modo
865 2689 1071 2762 correxerant,
1105 2688 1142 2772 ut
1161 2674 1194 2729 ΑΒ
1215 2689 1333 2740 tantum
1354 2663 1413 2739 has'

262 2786 463 2845 correctiones
487 2803 542 2844 suo
565 2784 653 2844 modo
675 2786 808 2844 iteraret.
854 2783 1006 2858 Similiter,
1030 2782 1085 2842 sed
1107 2783 1215 2858 rariuS,
1245 2785 1277 2841 iu
1299 2782 1349 2840 uel
1370 2785 1410 2840 im

259 2889 291 2947 in
319 2888 494 2966 compositis
523 2907 592 2946 cum
616 2898 628 2947 ι·
648 2888 840 2966 permutauit,
859 2887 944 2964 ⁴quod
975 2887 1040 2945 sins
1063 2886 1154 2945 dubio
1177 2887 1216 2942 im
1239 2883 1408 2961 significare

260 2990 369 3065 uoluit;
394 2998 483 3068 porro
507 3008 544 3050 uo
566 2991 598 3049 in
622 2985 778 3066 ‘uoltus,
808 2991 958 3067 uolgus,
983 2989 1175 3062 seruolus,
1199 2989 1345 3047 cenom'
1369 2988 1408 3046 si-

259 3093 440 3169 milibusque
463 3113 582 3171 semper
604 3093 669 3153 fere
689 3094 720 3152 in
743 3112 787 3153 uu
809 3094 945 3168 mutauit,
954 3088 1001 3165 **)
1024 3092 1055 3151 in
1071 3092 1129 3150 hoc
1146 3111 1265 3166 quoque
1288 3091 1408 3167 saepius
1505 3155 1509 3162 ,
1570 3109 1571 3128 ι

260 3196 501 3255 antecedentium
530 3205 732 3256 correctorum
760 3197 891 3274 uestigia
913 3216 968 3256 suo
990 3195 1079 3255 modo
1102 3213 1247 3270 sequens;
1280 3193 1408 3268 denique

260 3300 401 3374 antiquae
429 3300 597 3377 scripturas
620 3301 694 3360 alias
717 3285 875 3375 reliquias,
900 3299 1005 3375 quales
1029 3306 1101 3357 sunt
1121 3296 1193 3355 hae:
1219 3291 1406 3373 ¹‘optinct,

260 3409 451 3481 optumus,
485 3402 660 3479 neclego'
693 3403 839 3479 aliaeque,
874 3395 994 3480 semper
1021 3401 1086 3460 fere
1114 3399 1247 3460 radendo
1270 3399 1406 3456 remouit.

259 3504 307 3564 De
335 3506 383 3564 his
412 3505 633 3565 correctionum
655 3505 828 3582 generibus,
853 3525 1033 3580 quamquam
1055 3503 1143 3582 plura
1166 3501 1237 3561 addi
1258 3509 1408 3580 poterant,

260 3609 336 3668 satis
359 3608 473 3667 dictum
491 3609 544 3682 sit,
570 3629 646 3684 quae
664 3609 763 3668 omnia
780 3628 869 3683 quam
888 3607 1016 3666 ridicula
1033 3607 1103 3681 sint,
1128 3605 1227 3681 quiuis
1249 3604 1407 3680 intellegit.

261 3710 402 3770 Ceterum
424 3717 545 3788 praeter
567 3731 619 3771 eas
643 3711 856 3785 correctiones,
881 3729 956 3784 quas
979 3729 1071 3788 supra
1094 3710 1124 3767 in
1144 3707 1281 3790 secundo.
1297 3727 1409 3784 genere

260 3813 459 3872 describendo
488 3815 630 3874 extremis
660 3814 761 3873 uerbis
790 3809 831 3890 (p.
855 3812 966 3887 XVII,
991 3815 1029 3870 21
1055 3807 1136 3887 sqq.)
1167 3809 1408 3884 commemoraui,

260 3936 397 3992 quaeque
430 3937 498 3977 cum
531 3917 694 3976 maioribus
726 3917 843 3975 rasuris
878 3916 1054 3974 coniunctae
1088 3921 1168 3988 sunt,
1202 3913 1277 3972 haec
1311 3912 1410 3971 omnia

259 4020 408 4079 neminem
441 4019 531 4079 facile
564 4021 595 4079 in
623 4019 752 4096 legendo
783 4027 813 4077 et
843 4016 1044 4096 comparando
1075 4014 1178 4075 codice
1192 4037 1194 4044 ⁴
1208 4016 1409 4075 Ambrosiano

259 4124 438 4196 turbabunt3
473 4123 601 4201 primum
630 4123 709 4182 enim
731 4121 909 4199 saepissime
931 4139 1044 4193 corum,
1079 4138 1156 4194 quae
1178 4119 1211 4176 Αι
1234 4119 1407 4196 scripserat,

281 4389 312 4457 l)
330 4390 433 4445 Obiter
455 4390 510 4444 hoc
533 4407 647 4458 quoque
666 4389 886 4444 commemorari
904 4393 1014 4456 potest,
1043 4387 1120 4455 quod
1138 4386 1280 4454 ligaturas
1303 4384 1317 4452 lt
1336 4404 1369 4430 =
1388 4384 1411 4438 tt

329 4485 359 4532 et
377 4487 394 4547 p
413 4495 446 4522 =
464 4478 498 4542 ri,
525 4492 597 4544 quas
614 4475 673 4529 iam
691 4475 724 4530 lt
742 4473 799 4541 (A2)
822 4473 968 4528 interdum
987 4472 1104 4542 punctis
1123 4477 1277 4526 notauerat
1294 4469 1409 4523 litteras

328 4561 407 4630 ipsas
435 4563 456 4616 u·
482 4567 512 4615 et
538 4560 565 4614 ri
597 4577 686 4629 supra
716 4559 864 4624 scribens,
901 4559 934 4615 Al
961 4557 1089 4612 radendo
1121 4556 1238 4626 saepius
1269 4553 1408 4616 remouit;

330 4653 459 4701 osterum
476 4644 522 4700 his
540 4645 674 4714 ligaturis
692 4645 724 4701 Α1
742 4644 838 4699 rarius
856 4644 956 4698 utitur.
984 4643 987 4650 '

260 4731 310 4798 θ)
328 4735 368 4786 At
387 4730 566 4787 contrarium
582 4730 654 4786 fecit
672 4748 698 4799 p.
717 4730 759 4798 83,
778 4730 802 4783 3.
