3204 5342
276 418 341 483 414

278 611 411 671 Senecae
438 611 522 669 locos
550 609 599 667 hic
629 608 785 685 corrigam.
841 605 920 664 Nam
941 607 972 664 in
996 605 1083 683 epist.
1109 603 1158 677 17,
1184 602 1220 659 11
1246 602 1311 660 sine
1334 599 1430 658 dubio

275 733 353 788 repes
387 715 613 772 Parthorum
653 711 791 788 scripsit,
825 728 885 768 non
918 709 1057 778 Portica,
1092 705 1173 782 quod
1207 703 1311 781 optimi
1345 709 1432 760 certe

277 814 397 874 codices
421 833 523 873 omnes
545 814 706 892 praebent;
735 831 884 887 nusquam
907 811 985 869 enim
1008 809 1080 868 alibi
1102 806 1183 886 apud
1206 827 1273 864 eum
1295 805 1432 863 Parthus

275 938 331 995 pro
355 917 504 976 adiectiuo
526 918 657 995 ponitur.
702 914 820 974 Deinde
842 916 873 973 in
896 914 983 992 epist.
1003 914 1053 987 50,
1077 913 1097 969 4
1118 911 1149 968 in
1172 909 1293 988 optimis
1316 907 1431 967 codici-

276 1022 334 1078 bus
364 1027 425 1078 est:
460 1021 575 1094 quum
607 1025 648 1078 tet
667 1022 787 1079 morbos.
814 1023 947 1077 tortusue
968 1035 1015 1074 res
1037 1016 1232 1082 discutiemus
1268 1010 1348 1087 quod
1369 1011 1432 1069 fal-

278 1143 344 1182 sum
378 1142 446 1182 esse
480 1131 620 1201 apparet;
658 1123 848 1200 superiorum
881 1118 1061 1180 emendandi
1095 1125 1221 1176 conatus
1253 1114 1431 1191 Maduigius

278 1235 360 1285 reete
390 1225 573 1304 improbauit
600 1225 666 1303 ipse
694 1226 738 1284 sic
761 1225 913 1284 scribens:
949 1243 975 1296 q.
1001 1227 1041 1280 tot
1060 1222 1181 1289 merbec,
1217 1223 1313 1278 tautae
1334 1218 1433 1288 febres
1469 1237 1475 1250 ·

278 1330 317 1400 ct,
351 1327 406 1388 sed
440 1349 494 1388 cur
527 1328 645 1406 species
678 1328 763 1388 iuxta
795 1347 891 1405 genus
924 1323 1114 1385 nominatim?
1149 1321 1342 1381 scribendum
1365 1326 1429 1378 est:

279 1433 395 1503 quamde
431 1436 472 1489 tot
502 1432 705 1491 morborum
738 1437 862 1490 tautae
895 1433 995 1490 uires
1028 1427 1234 1486 discutiemus?
1266 1455 1306 1464 -
1335 1423 1433 1502 Apud

279 1533 425 1593 Senecam
446 1533 610 1592 Rhetorem
631 1555 661 1612 p.
688 1535 736 1608 12,
763 1537 776 1591 1
803 1534 873 1592 olim
895 1534 926 1592 in
948 1530 1205 1609 disputatiuncula
1227 1529 1272 1587 sic
1294 1527 1431 1586 scriben-

280 1636 351 1695 dum
379 1655 448 1694 esse
477 1635 552 1694 dixi:
593 1636 669 1710 Quid
696 1637 812 1696 diemu?
839 1639 1004 1709 potissimos
1030 1634 1167 1694 Graeciae
1189 1651 1229 1691 un
1250 1631 1432 1690 Lacedae·

279 1741 483 1798 moritorum
511 1740 630 1797 curtos?
664 1748 694 1798 et
721 1740 811 1817 paulo
838 1738 965 1798 inferius
987 1758 1016 1796 u.
1043 1738 1096 1794 16:
1131 1753 1235 1808 umere
1263 1733 1431 1806 scopulo-

279 1859 357 1900 rum
380 1837 474 1916 (quod
495 1841 664 1919 Hauptium
684 1841 745 1900 iam
767 1850 856 1901 antea
877 1841 1074 1920 proposuisse
1095 1859 1143 1898 me
1165 1836 1315 1916 fugerat);
1349 1836 1432 1915 apud

281 1943 408 2002 eundem
434 1965 464 2022 p.
489 1945 561 2020 226,
585 1947 603 2002 5
627 1946 671 2004 sic
694 1947 827 2023 corrigo:
862 1947 1004 2004 Mutrouu
1026 1961 1098 2018 quoe
1121 1948 1185 2002 tutu
1207 1961 1266 2001 esse
1287 1942 1433 2000 aduersus

279 2047 570 2106 sollicitatorum
593 2049 745 2110 marturum
766 2052 843 2110 uolet
866 2045 1047 2123 (sollicitatos
1072 2048 1101 2121 B,
1134 2047 1271 2106 subtritos
1294 2047 1326 2119 Α,
1354 2043 1432 2101 solli-

283 2151 411 2239 ritutorie
431 2144 501 2225 up),
536 2170 625 2225 quem
646 2151 748 2212 locum
769 2161 894 2231 propter
916 2152 1045 2212 similem
1066 2148 1286 2210 terminationis
1309 2165 1432 2222 corrup-

281 2251 372 2310 telam
404 2251 452 2310 hic
486 2272 694 2331 commemorO,
729 2256 787 2315 etsi
819 2275 937 2330 nomen,
972 2255 1053 2330 quod
1087 2260 1260 2330 corruptum
1293 2258 1351 2325 est,
1383 2248 1432 2306 hic

280 2354 388 2412 tertiae
422 2354 631 2415 declinationis
665 2364 721 2417 est.
761 2389 802 2398 -
835 2357 927 2436 Apud
960 2357 1097 2417 Ourtium
1129 2356 1181 2415 lib.
1215 2355 1277 2429 IV,
1319 2356 1352 2427 1,
1392 2352 1431 2408 27

282 2453 325 2534 (p.
350 2458 400 2532 30,
431 2457 461 2527 5)
495 2460 676 2536 optimorum
706 2461 843 2521 codicum
870 2461 1000 2537 uestigia
1028 2460 1125 2520 secuti
1147 2459 1329 2518 scribemus:
1367 2473 1434 2514 111111

282 2563 422 2633 quattuor
455 2562 572 2622 milibus
609 2563 786 2622 Graecorum
825 2567 944 2637 ipsius
976 2581 1015 2622 eu
1048 2566 1126 2620 oete
1152 2565 1435 2634 persecutorum

282 2664 409 2736 supom
440 2664 570 2736 Tripolin
591 2669 729 2738 peruem't
760 2665 859 2742 (codd.
884 2669 978 2739 metus
1004 2684 1038 2724 eu
1065 2668 1128 2724 oete
1150 2669 1317 2737 persecutos
1345 2645 1435 2735 tuom·

210 2796 211 2799 ¹
283 2765 452 2824 Hedickius
474 2774 545 2844 post
567 2767 657 2827 alios:
682 2773 776 2841 meum
798 2788 831 2828 eu
853 2771 915 2828 oete
930 2771 1093 2842 puseeutis
1109 2763 1209 2844 111911),
1232 2768 1265 2826 in
1280 2767 1347 2826 loco
1366 2785 1434 2824 con-

284 2869 408 2927 iecturis
425 2869 631 2945 usitatissime,
649 2872 700 2947 qui
716 2866 787 2931 libri
802 2873 860 2948 lx,
881 2875 909 2947 7,
925 2863 968 2930 '19
986 2871 1028 2951 (p.
1048 2874 1118 2947 218,
1141 2866 1257 2946 resq.)
1275 2868 1435 2947 reperitur,

284 2971 336 3028 ubi
358 2971 389 3028 in
411 2971 436 3028 P
459 2979 519 3030 est:
544 2975 643 3047 iupeus
665 2977 711 3033 uis
733 2977 858 3034 militum
880 2979 955 3035 iuter
978 2994 1048 3050 quos
1070 2978 1155 3034 erem
1171 2974 1278 3034 Graeci
1293 2973 1436 3044 Dumbpo

285 3074 446 3144 studebunt,
470 3075 652 3153 scripturam
667 3079 711 3136 ita
727 3087 901 3157 corruptam
917 3099 986 3138 esse
1003 3078 1103 3154 crede,
1126 3089 1161 3137 ut
1177 3083 1263 3136 erum
1273 3085 1303 3138 et
1313 3091 1437 3149 quorum

285 3176 365 3235 inter
393 3195 426 3235 se
456 3197 473 3235 a
499 3177 621 3238 librario
649 3188 929 3259 transponerentur,
964 3182 1072 3242 deinde
1100 3199 1171 3255 ques
1198 3188 1323 3259 propter
1349 3197 1437 3258 prae·

287 3278 467 3356 positionem
489 3281 686 3356 scriberetur;
717 3285 819 3361 itaque
842 3286 956 3344 scribo:
987 3289 1087 3360 iuqeus
1109 3287 1157 3345 uis
1177 3285 1304 3344 militum
1325 3285 1437 3340 iuter-

219 3381 224 3390 ’
287 3386 395 3440 eruut
428 3377 483 3456 (so.
513 3381 689 3461 certamini),
723 3405 875 3461 quorum
907 3388 1013 3448 Graeci
1039 3389 1077 3446 D.
1107 3389 1268 3447 studebam.
1298 3416 1340 3426 -
1367 3384 1437 3442 Alio

287 3485 376 3544 modo
412 3493 553 3564 corrupta
589 3495 636 3546 est
669 3490 819 3568 scriptura
845 3491 893 3550 his
920 3491 1010 3551 locis:
1045 3492 1127 3571 apud
1156 3490 1291 3550 (brutium
1317 3489 1370 3548 lib.
1399 3489 1437 3564 V,

290 3591 325 3664 1,
354 3589 395 3646 43
430 3585 471 3665 (p.
502 3590 555 3664 75,
585 3587 638 3665 29)
671 3592 832 3666 Apollodori
866 3595 897 3653 in
924 3594 1098 3667 Apollodoro
1131 3601 1278 3654 mutatum
1312 3599 1373 3666 est;
1406 3591 1438 3650 in

288 3691 378 3750 Plinii
405 3710 550 3768 panegyr.
573 3715 603 3771 p.
628 3696 679 3771 32,
708 3699 746 3754 21
778 3697 843 3756 cod.
867 3698 910 3758 W
931 3715 1050 3773 sacroq3
1084 3719 1139 3776 pro
1163 3715 1268 3766 sermm
1296 3698 1436 3777 praebet;

290 3794 371 3872 apud
393 3793 539 3854 Senecam
563 3795 601 3855 de
622 3797 687 3857 uita
707 3799 798 3859 beata
822 3803 849 3875 1,
873 3803 892 3859 3
915 3797 956 3879 (p.
976 3803 1048 3876 213,
1073 3797 1104 3875 7)
1126 3802 1191 3862 sine
1215 3803 1306 3862 dubio
1329 3801 1439 3876 praedm

289 3917 343 3974 pro
377 3915 502 3974 qucum,
527 3900 608 3975 quod
634 3901 796 3962 Pincianus
825 3909 855 3962 et
887 3903 1011 3982 Lipsius
1044 3913 1127 3966 recte
1159 3906 1334 3984 reposuisse
1366 3901 1439 3963 mihi

289 3998 440 4075 uidentur,
463 4007 588 4078 propter
609 4004 792 4064 antecedens
814 4008 1011 4080 quadorum
1033 4016 1094 4082 est;
1119 4008 1199 4086 apud
1222 4008 1439 4080 Quintilianum

290 4101 350 4159 uol.
373 4102 409 4160 Π
435 4123 465 4180 p.
492 4104 561 4180 158,
590 4107 612 4163 4
637 4127 692 4184 pro
720 4109 776 4176 111111
792 4112 952 4168 'acmuutio
980 4111 1012 4168 iu
1041 4110 1107 4170 cod.
1131 4111 1153 4170 S
1180 4113 1233 4171 boc
1262 4113 1439 4172 coacerbabo

291 4204 439 4282 scriptum
466 4212 522 4264 est.
551 4238 592 4247 —
621 4208 659 4267 In
680 4211 851 4272 nominibus
873 4212 981 4272 tertiae
1003 4211 1213 4273 declinationis
1235 4215 1357 4293 saepius
1379 4223 1439 4274 ter-

291 4307 414 4366 minatio
441 4311 483 4367 ris
511 4310 563 4368 uel
587 4314 616 4369 ri
640 4313 691 4371 uel
717 4333 749 4373 re
775 4335 830 4392 pro
858 4332 927 4376 rmu
948 4316 1048 4394 posita
1070 4323 1127 4392 est,
1160 4318 1245 4378 uelut
1266 4317 1348 4395 apud
1370 4299 1438 4378 Vel.

291 4409 373 4468 Max.
396 4430 426 4487 p.
441 4413 469 4485 1,
493 4411 512 4470 9
535 4409 746 4490 (uzsupertort)
769 4424 800 4476 et
820 4440 850 4496 p.
864 4419 937 4494 306,
960 4419 979 4475 5
1003 4413 1122 4492 (tuteris
1135 4418 1165 4495 B,
1189 4419 1244 4479 sed
1266 4423 1291 4479 13
1313 4416 1440 4495 iuras),

293 4512 374 4591 apud
397 4511 614 4583 Quintilianum
636 4518 695 4577 uol.
718 4519 735 4577 I
756 4540 787 4598 p.
801 4521 850 4596 66,
875 4523 914 4579 23
938 4518 1034 4596 (ubiB
1052 4529 1135 4581 recte
1158 4527 1317 4594 temporum
1338 4523 1439 4598 habet,

293 4615 381 4675 sedrl
405 4615 569 4694 temporis);
593 4620 674 4698 apud
689 4620 836 4682 Senecam
856 4624 888 4682 in
911 4643 992 4684 cons.
1017 4623 1160 4683 adMarc.
1173 4627 1202 4702 2,
1226 4627 1245 4683 3
1268 4623 1310 4704 (p.
1324 4628 1396 4702 166,
1410 4624 1441 4700 7)

293 4719 324 4775 in
346 4719 467 4784 Atubou
486 4728 542 4798 est,
566 4723 620 4782 sed
642 4724 673 4781 iu
696 4725 875 4799 quibusdam
895 4727 1094 4786 deterioribus
1112 4728 1225 4800 iuberis,
1250 4730 1331 4804 quod
1348 4731 1441 4808 uulgo
