3144 5344
1161 429 1212 490 111

61 626 198 683 obscura
225 629 296 681 sumt
322 640 378 680 nec
406 619 645 698 corruptelarum
672 619 819 679 rationem
846 619 926 678 clare
954 620 1092 698 aperiunt
1121 620 1211 680 licen·

60 728 187 801 tiaeque
215 724 450 784 coniectatornm
477 743 615 802 campum
641 723 702 782 late
724 729 878 801 patentem
904 722 1064 801 praebent;
1099 723 1130 782 in
1152 743 1211 799 quo

60 849 176 906 genere
198 825 274 886 illud
296 826 425 886 maxime
446 825 676 904 improbandum
698 833 755 900 661,
779 825 859 902 quod
876 824 941 886 fere
957 845 1062 886 omues
1078 845 1212 902 rasuras,

61 930 210 1007 quicquid
237 931 293 989 sub
321 930 358 990 iis
384 929 469 1004 16161,
504 949 685 1005 quamquam
714 928 840 988 multum
868 927 990 988 diuersa
1012 949 1114 988 earum
1136 929 1214 988 ratio

61 1043 120 1110 est,
155 1055 216 1093 uno
245 1033 410 1110 eodemque
438 1032 537 1108 modo,
571 1032 700 1092 stellulis
728 1031 796 1091 dico
824 1031 982 1110 adpositis,
1015 1033 1137 1109 signare
1158 1053 1214 1092 nec

61 1138 145 1196 ultra
168 1137 330 1213 quicquam
351 1135 390 1194 de
411 1136 449 1195 iis
471 1133 586 1194 referre
608 1135 684 1194 66116
706 1134 820 1194 habuit.
866 1135 923 1194 His
945 1134 1019 1194 illud
1042 1135 1213 1194 addendum

62 1260 132 1298 esse
167 1259 258 1316 aegre
291 1238 372 1314 fero,
406 1238 488 1315 quod
519 1237 672 1298 nonnullis
704 1237 780 1297 locis
808 1237 969 1298 conlationi
996 1257 1069 1298 suae
1097 1259 1134 1298 66
1160 1240 1213 1298 im·

62 1341 196 1418 miscuit,
230 1361 307 1419 quae
336 1339 402 1400 fieri
424 1361 484 1400 non
506 1348 608 1420 potest
631 1343 703 1416 quin
724 1359 787 1400 non
809 1341 875 1419 ipse
898 1360 935 1400 ex
957 1341 1064 1401 codice
1085 1341 1215 1401 enotarit

63 1446 120 1504 sed
154 1466 192 1504 ex
222 1445 391 1504 conlatione
420 1444 555 1504 Fickerti
584 1453 689 1505 mutua
715 1444 879 1522 sumpserit
912 1444 984 1516 (uid.
1012 1466 1042 1523 p.
1074 1445 1146 1520 261,
1177 1447 1212 1518 5;

63 1550 137 1624 279,
153 1550 207 1622 103
231 1549 372 1622 284,10;
393 1548 465 1623 286,
478 1549 534 1622 22;
552 1548 694 1624 926,17;
712 1542 839 1622 4661).
885 1545 970 1619 Quae
982 1547 1081 1606 omnia
1093 1567 1161 1606 cnm
1171 1548 1215 1606 ita

64 1653 136 1727 sint,
167 1671 294 1727 cumque
316 1651 364 1710 his
386 1649 521 1726 accedat,
553 1650 634 1727 quod
655 1650 790 1726 reliquus
812 1669 931 1726 quoque
953 1650 1064 1712 Kochii
1087 1671 1213 1730 appara·

63 1765 115 1814 tus
144 1755 268 1813 criticus
298 1773 354 1813 nec
382 1754 534 1814 erroribus
561 1760 653 1812 uacat
679 1773 735 1812 nec
761 1774 828 1813 meo
857 1753 979 1831 quidem
1005 1754 1116 1814 iudicio
1138 1755 1214 1815 satis

64 1858 173 1934 plenus
204 1863 262 1931 est,
296 1876 406 1935 operae
434 1857 565 1935 pretium
587 1876 636 1916 me
658 1855 809 1916 factnmm
832 1873 900 1916 esse
924 1848 1023 1935 spero,
1057 1858 1084 1916 si
1105 1877 1214 1917 nouam

64 1960 172 2018 horum
195 1957 328 2018 Senecae
350 1960 496 2019 librorum
517 1959 679 2019 editionem
701 1959 838 2036 emisero.

152 2061 294 2122 Codicem
322 2061 570 2138 Ambrosianum,
604 2062 683 2121 sicut
712 2081 790 2121 anno
823 2063 903 2120 1878
933 2063 1137 2138 institueram,
1170 2063 1214 2122 ite

66 2166 157 2224 etiam
184 2185 262 2224 anno
291 2165 372 2224 1882
402 2183 470 2224 cum
501 2165 664 2244 exemplari
685 2165 840 2225 Haasiano
869 2185 1043 2243 comparare
1072 2187 1213 2245 perseue-

65 2271 145 2344 raui;
180 2268 237 2328 sed
264 2287 322 2343 quo
352 2268 463 2327 certior
491 2287 590 2328 essem
617 2267 692 2326 nihil
719 2287 767 2327 mo
794 2269 826 2327 in
853 2269 1056 2347 comparando
1079 2269 1214 2347 effugere

65 2392 167 2450 posse,
201 2379 291 2431 66166
313 2371 466 2449 exemplar
487 2369 674 2431 Haasianum
697 2389 765 2429 cum
787 2371 946 2430 chbiano
968 2390 1214 2450 comparaueram

67 2483 97 2533 61
126 2493 230 2534 omnes
258 2475 351 2550 locos,
384 2473 438 2533 ubi
464 2473 544 2532 inter
565 2492 599 2532 se
622 2473 846 2552 discrepabant,
879 2474 1013 2550 itemque
1036 2494 1149 2550 omnes,
1183 2475 1213 2534 in

67 2579 176 2652 quibus
209 2577 322 2637 codicis
355 2577 536 2654 scripturam
569 2596 587 2636 a
616 2591 672 2636 sua
702 2575 832 2635 editione
854 2574 978 2636 differre
1000 2577 1139 2637 Kochius
1161 2577 1213 2637 ad-

68 2680 247 2757 scripscrat,
281 2679 312 2738 in
340 2678 504 2757 exemplari
531 2678 686 2738 Haasiano
715 2679 811 2756 signis
838 2687 1029 2754 notaucram3
1062 2681 1156 2740 multe
1182 2680 1214 2739 in

67 2781 267 2859 comparando
288 2781 336 2841 bis
358 2789 444 2842 terne
465 2781 590 2859 perlegi.
636 2781 686 2841 Sic
710 2779 852 2842 effectum
875 2801 944 2842 esse
965 2803 1065 2861 spero,
1088 2792 1122 2842 ut
1144 2803 1214 2843 con-

67 2886 139 2944 latio
166 2905 234 2944 mea
261 2905 350 2961 quam
378 2885 606 2945 accuratissima
633 2883 733 2958 fieret3
767 2903 823 2944 nec
851 2884 957 2961 alium,
992 2888 1043 2962 qui
1070 2895 1141 2965 post
1167 2908 1215 2946 me

69 2987 200 3047 codicem
223 2986 361 3047 conferre
383 2988 521 3063 noluerit,
552 2988 647 3046 multa
668 2988 860 3047 inuenturum
883 3006 951 3047 csse
973 2988 1074 3064 credo,
1098 3011 1175 3066 quae
1198 3013 1216 3050 a

68 3111 114 3148 me
137 3089 267 3150 enotatis
290 3089 409 3150 adiciat.
433 3102 436 3108 ’
455 3089 532 3150 Sunt
553 3089 729 3170 paucissimi
750 3090 819 3165 loci,
850 3091 979 3168 666616
1002 3093 1215 3152 commentario

70 3193 171 3251 critico
198 3191 339 3269 indicaui,
373 3195 425 3254 ubi
452 3193 526 3253 mibi
553 3213 613 3253 non
640 3201 768 3269 constet,
802 3201 902 3252 utrum
929 3192 1002 3252 mihi
1031 3215 1068 3254 an
1096 3194 1216 3254 Kocbic

71 3295 203 3370 credam
237 3315 308 3355 num
334 3316 364 3374 p.
393 3297 444 3372 25,
475 3297 514 3354 14
540 3296 679 3356 Kochius
706 3299 841 3372 66116616,
875 3317 904 3374 p.
929 3297 980 3371 26,
1010 3299 1050 3355 26
1078 3300 1214 3369 cnutum,

355 3407 373 3446 o

71 3488 99 3544 p.
117 3469 166 3544 34,
191 3469 229 3525 19
251 3467 354 3526 humidi
375 3515 382 3538 ,
406 3488 436 3546 p.
454 3467 505 3542 45,
530 3469 547 3527 7
570 3467 664 3539 Ouidi,
688 3489 718 3546 p.
737 3469 787 3542 74,
813 3469 852 3526 14
874 3470 1027 3539 6616166166,
1051 3489 1080 3547 p.
1100 3469 1150 3542 95,
1174 3470 1211 3526 21

71 3587 202 3643 escaque,
227 3570 355 3645 denique
373 3591 403 3648 p.
424 3571 495 3646 338,
521 3573 559 3630 12
578 3572 701 3643 inpedito
716 3570 747 3629 in
765 3569 869 3644 codice
885 3570 946 3647 legi
965 3570 1039 3629 dicit
1055 3577 1115 3646 aut,
1139 3577 1215 3628 tam·

72 3693 157 3747 quam
174 3673 218 3732 sic
236 3673 266 3732 in
285 3672 388 3732 codice
406 3673 565 3750 legeretur,
585 3671 689 3748 edidit,
709 3693 777 3732 cum
794 3692 861 3732 mea
874 3673 1003 3732 conlatio
1015 3671 1129 3732 eisdem
1140 3672 1215 3731 locis

72 3778 216 3846 66666616,
234 3777 382 3846 66661661,
399 3775 514 3851 16666116,
531 3773 636 3846 Ouidii,
655 3777 804 3849 6616116666,
822 3791 974 3849 66666966,
991 3776 1119 3848 inperidc
1129 3795 1215 3853 prae·

72 3878 140 3936 beat
171 3874 213 3950 (in
240 3877 346 3936 ultimo
374 3874 496 3953 quidem
524 3876 590 3936 loco
612 3876 678 3955 ipse
700 3897 748 3937 me
770 3895 888 3936 errasse
912 3872 1029 3952 credo);
1064 3877 1119 3936 sed
1141 3878 1215 3937 baec

74 3979 214 4039 eiusmodi
242 3986 322 4054 sunt,
355 3986 391 4038 ut
417 3999 477 4040 non
505 3979 596 4056 digne
618 3979 783 4056 habuerim,
817 3978 986 4056 dequibus
1009 3980 1046 4038 ab
1069 3980 1215 4056 Angelo

75 4081 157 4141 Ocri
165 4102 243 4157 ano,
254 4081 320 4142 uiro
331 4081 602 4161 praestantissimo,
615 4081 770 4161 praefecto
777 4082 978 4142 bibliothecae
985 4083 1214 4159 Ambrosianus,

74 4191 201 4260 peterem
222 4192 258 4244 ut
278 4203 326 4244 me
349 4185 507 4244 certiorem
529 4182 653 4260 faceret,
677 4191 745 4244 uter
766 4192 902 4244 nostrum
922 4185 1034 4244 rectius
1052 4192 1214 4260 euotesset,

75 4287 149 4345 sicut
164 4288 195 4345 in
211 4307 270 4346 uno
287 4287 354 4346 loco
366 4285 436 4362 feci,
460 4287 510 4363 qui
523 4294 570 4345 661
581 4308 610 4366 p.
624 4288 695 4362 279,
711 4290 759 4345 10.
805 4285 922 4346 Ceteris
933 4286 1018 4362 locis,
1042 4287 1094 4346 ubi
1104 4286 1215 4345 Kochii

76 4388 197 4447 conlatio
221 4409 238 4447 a
260 4408 326 4448 moa
349 4387 511 4466 discrepat,
544 4407 642 4447 meam
665 4407 738 4447 uera
760 4385 913 4448 continere
936 4388 1064 4465 affirmo,
1098 4389 1215 4449 616616

77 4490 283 4549 commentario
305 4491 409 4550 critico
426 4489 578 4549 Kochium
598 4509 716 4550 enasse
733 4489 856 4550 disertis
873 4492 975 4550 uerbis
993 4491 1055 4550 dixi
1074 4491 1138 4550 siue
1155 4511 1214 4549 uon

77 4591 141 4650 dixi.
185 4591 293 4652 Omnia
310 4591 384 4668 fere,
408 4612 484 4668 6666
503 4613 540 4651 ex
559 4591 662 4652 codice
679 4593 809 4670 enotaui,
824 4584 863 4652 'in
881 4593 1094 4669 commentario
1112 4593 1214 4666 attuli,

78 4695 186 4753 616616
208 4694 346 4769 equidem
368 4695 464 4754 multo
486 4695 581 4754 exiis
603 4695 720 4756 inutilia
742 4715 810 4756 esse
832 4717 887 4755 nec
910 4695 975 4755 fere
993 4715 1069 4772 quae
1088 4715 1214 4754 comme·

988 4789 1012 4830 1*
