3222 5338
328 427 369 467 sn
392 427 534 468 snsnuvu
555 427 597 468 nn
618 425 887 476 rusuomnmrsru
908 425 1010 480 surm,
1041 427 1171 470 vr—v11.
1258 405 1320 468 281

176 592 315 678 negotia
345 613 446 676 quam
472 589 620 656 fecunda
647 591 857 678 multumque
885 590 1102 676 negotiorum
1124 591 1253 660 ierunt:
1289 600 1324 658 ei

174 698 259 766 haec
281 698 484 786 refugienda
506 705 594 783 sunt,
618 721 659 764 ex
682 701 802 785 quibus
824 721 915 766 noua
933 701 1112 786 occupatio
1130 701 1323 787 multiplex·

176 831 241 894 que
268 814 442 892 nascetur,
474 829 539 872 nec
568 808 799 874 accedendum
828 831 883 893 eo,
917 809 1007 873 unde
1034 809 1122 876 liber
1148 831 1324 896 regressus

172 939 242 984 non
275 917 333 1000 sit,
374 917 415 980 iis
449 917 663 982 admouenda
694 939 814 982 manus
849 924 910 1001 est,
953 940 1097 1002 quorum
1129 918 1233 984 finem
1267 924 1325 984 aui

147 1025 286 1092 efacere
319 1031 376 1090 aut
405 1033 497 1090 certe
527 1047 662 1111 sperare
689 1025 813 1110 possis,
845 1025 1078 1110 relinquenda,
1113 1049 1199 1111 quae
1220 1027 1323 1092 latius

173 1140 252 1198 actu
272 1133 465 1219 procedunt
486 1155 550 1199 nec
572 1132 633 1199 ubi
654 1133 873 1219 proposueris
897 1133 1067 1199 desinunt.

257 1242 335 1308 VH.
389 1242 576 1308 Hominum
613 1242 732 1328 utique
771 1241 916 1306 dilectus
955 1241 1132 1307 habendus
1167 1249 1233 1307 est:
1279 1256 1357 1308 anl

174 1350 268 1435 digni
302 1351 377 1435 sint,
413 1351 534 1435 quibus
561 1355 694 1436 partem
724 1349 829 1417 uitae,
844 1357 981 1416 nostrae
1009 1350 1244 1436 inpendemus,
1279 1374 1322 1417 an

175 1459 219 1522 ad
250 1458 326 1524 illos
354 1459 517 1544 temporis
545 1459 654 1524 nostri
680 1458 811 1524 iactura
838 1459 1031 1544 perueniat3
1067 1459 1204 1544 quidam
1232 1459 1323 1524 enim

135 1567 261 1632 1tlllb1¹0
290 1565 404 1633 officia
431 1567 530 1633 nobis
558 1573 676 1636 nostra
704 1568 872 1652 inputant.
927 1565 1169 1632 Athenodorus
1198 1568 1247 1632 ait
1268 1565 1357 1632 ‘net

174 1675 217 1740 ad
240 1698 359 1741 cenam
381 1676 518 1760 quidem
542 1697 578 1740 se
600 1676 727 1740 iturum
750 1676 793 1740 ad
816 1697 902 1759 eum,
932 1675 990 1759 qui
1012 1674 1078 1740 sibi
1098 1667 1149 1740 nil
1170 1698 1232 1762 pro
1254 1674 1321 1741 hoc

174 1783 348 1848 debiturus
371 1784 441 1867 sit';
475 1790 557 1870 puto
580 1784 753 1870 intellegis
775 1784 883 1849 multo
905 1784 1015 1849 minus
1039 1784 1083 1848 ad
1106 1806 1163 1848 eos
1185 1783 1320 1867 iturum,

174 1893 231 1977 qui
253 1915 330 1960 curn
352 1893 537 1958 amicorum
554 1891 676 1958 officiis
693 1893 788 1978 paria
805 1913 924 1957 mensa
940 1890 1080 1975 faciunt,
1106 1892 1163 1977 qui
1179 1892 1322 1957 fericula

172 2022 234 2085 pro
268 2000 449 2087 congiariis
482 2007 672 2086 numerant,
707 2001 804 2087 quasi
833 2000 868 2063 in
900 1999 1048 2065 alienum
1076 1999 1242 2066 honorem
1269 2001 1321 2065 in-

134 2113 401 2197 intemperantes
438 2109 520 2174 sint:
555 2109 653 2174 deme
686 2108 752 2173 illis
787 2114 894 2173 testes
924 2114 1218 2195 spectatoresque,
1252 2109 1322 2174 nori

174 2215 359 2281 delectabit
375 2217 503 2304 popina
521 2223 682 2282 secreta*
727 2215 820 2281 Nihil
836 2223 953 2281 tamen
969 2239 1076 2301 aeque
1096 2216 1320 2282 oblectauerit
1337 2221 1355 2275 3

174 2324 321 2389 animum
344 2348 446 2410 quam
469 2325 618 2390 amicitia
639 2324 750 2390 fidelis
775 2331 809 2389 et
831 2323 949 2390 dulcis.
1000 2324 1173 2402 Quantum
1193 2325 1322 2391 bonum

174 2439 235 2517 est,
268 2433 327 2498 ubi
354 2440 557 2520 praeparata
584 2440 663 2499 sunt
691 2440 840 2520 pectora,
874 2433 911 2497 in
940 2454 1026 2517 quae
1054 2439 1130 2498 tuto
1154 2439 1323 2498 secretum

173 2562 272 2606 omne
301 2540 498 2625 descendat,
534 2564 677 2627 quorum
705 2540 949 2607 conscientiam
970 2540 1081 2606 minus
1105 2563 1207 2626 quarn
1227 2547 1322 2606 tuam

133 2649 301 2734 netimeas,
324 2672 467 2735 quorum
490 2672 600 2716 sermo
624 2649 888 2715 sollicitudinem
908 2648 1024 2733 leniat,
1048 2649 1218 2714 sententia
1241 2671 1320 2714 con-

173 2757 285 2822 silium
318 2758 491 2844 expediat,
529 2757 681 2823 hilaritas
713 2757 888 2823 tristitiam
921 2757 1077 2843 dissipet,
1118 2763 1321 2842 conspectus

172 2864 246 2950 ipse
269 2865 434 2932 delectet!
469 2889 553 2952 quos
577 2866 711 2931 scilicet
732 2887 868 2948 uacuos,
902 2872 1065 2950 quantum
1087 2865 1162 2930 fieri
1183 2866 1320 2951 poterit,

175 2995 194 3038 a
212 2973 455 3058 cupiditatibus
474 2975 653 3060 eligemus:
678 2980 819 3060 serpunt
837 2974 926 3038 enim
942 2973 1027 3039 uitia
1040 2974 1320 3060 etinproximum

173 3104 340 3166 quemque
362 3083 558 3148 transiliunt
580 3090 615 3148 et
639 3089 799 3148 contactu
819 3088 956 3147 nocent.
1000 3082 1123 3167 Itaque
1144 3082 1354 3167 ut†qu0d4

136 3189 210 3254 uin
235 3189 432 3286 pestilentia
459 3191 645 3256 curandum
673 3197 733 3274 est,
766 3212 809 3256 ne
838 3190 1004 3275 correptis
1031 3190 1101 3254 iam
1123 3190 1320 3276 corporibus

174 3304 208 3362 et
229 3299 347 3364 morbo
371 3297 594 3384 flagrantibus
618 3297 842 3383 adsideamus,
876 3297 954 3383 quia
975 3297 1126 3382 pericula
1147 3296 1319 3364 trahemus

175 3507 404 3516 ——-—.-—-

175 3623 189 3676 1
206 3624 289 3677 uerba
306 3623 432 3691 multdq3
459 3621 598 3691 negotiosi
615 3621 715 3678 ferunt
733 3623 854 3677 tollenda
871 3629 960 3676 cuum
976 3621 1068 3689 Rasin·
1092 3639 1139 3691 eqo
1155 3622 1221 3678 haee
1239 3621 1320 3677 Sene·

173 3724 232 3761 eam
254 3708 397 3762 addidisse
415 3716 493 3775 puto,
520 3715 551 3763 ut
571 3708 629 3762 uim
645 3707 721 3762 uerbi
736 3723 787 3774 per
804 3723 834 3760 se
851 3707 1076 3772 subobscurius-is,
1104 3723 1127 3775 q.
1146 3725 1167 3762 e.
1185 3706 1320 3774 fecunda,

173 3794 329 3861 empticaret,
355 3809 405 3847 nee
421 3795 554 3860 intellego,
573 3792 639 3861 quid
656 3796 686 3847 iu
703 3793 799 3846 horum
816 3793 960 3846 uerborum
976 3793 1066 3857 fornia
1084 3793 1128 3860 sit,
1155 3809 1204 3847 eur
1222 3793 1320 3860 spuria

171 3885 309 3948 putentur.
354 3879 416 3933 Hac
435 3886 581 3946 praeterea
603 3893 709 3946 moneo,
736 3878 774 3932 ad
797 3877 999 3945 similitudinis,
1027 3894 1108 3945 quum
1130 3877 1174 3932 tic
1196 3878 1327 3946 adhibuit,

172 3961 279 4031 Seneca,
297 3963 430 4019 rationem
445 3964 533 4017 scium
552 3970 647 4031 aptum
664 3979 722 4017 esse
739 3963 851 4016 umbum
869 3961 969 4016 ferunt
987 3963 1055 4029 (uid.
1073 3963 1211 4018 Freuudii
1227 3963 1320 4019 neue.

84 4067 86 4071 ’
117 4095 119 4099 .
171 4047 202 4099 in
220 4063 246 4102 u.
264 4046 328 4103 fero
346 4047 415 4115 IB,
432 4050 457 4116 3,
475 4050 508 4116 4,·
528 4047 566 4102 11
580 4048 607 4102 Β
623 4047 661 4115 3),
680 4064 729 4102 uec
747 4054 816 4101 reete
834 4047 976 4101 Monetam
994 4053 1095 4102 serunt
1114 4047 1263 4115 sumpsisse.

172 4133 188 4186 6
206 4137 275 4186 ectu
291 4131 326 4200 Α;
353 4135 434 4198 saltu
450 4131 487 4190 A’
507 4135 526 4188 i.
544 4150 564 4187 e.
584 4151 618 4187 ac
635 4138 677 4199 tu,
696 4133 768 4201 quod
784 4131 917 4187 immunito
937 4133 1051 4187 Gemuit
1064 4150 1136 4200 prae
1153 4135 1239 4189 altero
1252 4150 1319 4201 pro·

171 4218 260 4286 baait3
279 4220 402 4273 namsia
419 4217 548 4273 uolueris
566 4217 723 4272 addendum
741 4225 806 4272 erat.
889 4219 922 4272 12
939 4218 1042 4273 adeols
1068 4218 1102 4287 l;
1120 4218 1214 4274 adeolt
1230 4219 1320 4284 fuisse

171 4302 288 4357 uidetur.
368 4303 401 4357 13
417 4303 580 4373 fericulah
649 4304 682 4356 14
700 4302 845 4372 congiaris
863 4302 893 4370 Α,
911 4318 980 4358 eoru.
998 4321 1042 4372 ua.
1114 4305 1147 4359 18
1163 4310 1320 4374 preparata

172 4393 241 4442 sunt
257 4387 291 4452 l;
319 4393 388 4442 sunt
411 4393 586 4458 praeparata
603 4404 648 4456 up.
751 4389 786 4442 24
811 4388 916 4456 Itaque
937 4393 972 4442 ut
989 4404 1033 4457 ua.
1051 4387 1116 4442 inde
1132 4390 1168 4443 ab
1185 4389 1319 4457 Erasmo3

170 4471 246 4542 itaq;
272 4479 306 4528 ut
324 4474 362 4544 qd
379 4473 414 4540 Ας
441 4473 540 4543 itaque
559 4472 637 4542 quod
653 4473 750 4528 Haase
766 4473 858 4527 minus
876 4473 954 4539 bena·
980 4474 1044 4538 fort.
1063 4481 1122 4529 erat
1139 4476 1320 4530 scribendam:

170 4557 275 4627 Itaque
297 4565 331 4614 ut
354 4559 507 4628 quondam,
535 4559 668 4626 quomado
691 4557 767 4626 apud
784 4562 881 4627 poitas
899 4573 980 4626 saepe
997 4559 1143 4628 quondam
1161 4566 1186 4614 et
1204 4559 1272 4614 clim
1289 4562 1320 4614 in

171 4644 421 4711 desperationibus
440 4645 590 4711 adhibetur,
617 4643 700 4698 etiam
716 4644 764 4697 ubi
779 4643 817 4711 id,
842 4644 914 4711 quod
930 4643 1122 4699 similitudinis
1140 4647 1195 4700 ioco
1212 4645 1319 4699 induci·

170 4735 223 4795 tur,
240 4744 296 4784 non
313 4728 451 4784 interdum
469 4730 518 4784 sed
533 4743 636 4797 semper
651 4728 691 4792 fit.
743 4728 777 4782 25
795 4726 991 4796 nestorreptis
1005 4728 1051 4798 Ab
1070 4749 1124 4786 nec
1141 4729 1267 4799 orreptis
1282 4729 1315 4784 A'
