3144 5344
1137 399 1234 460 XVII

72 602 197 660 genera
228 582 278 641 hic
310 581 443 640 breuiter
476 600 708 640 commemorare
737 580 820 656 libet,
855 582 909 642 sed
940 585 1143 662 exemplorum
1172 587 1234 647 uim

72 706 137 745 non
171 683 318 760 adferam,
352 703 420 744 cum
449 684 480 742 in
508 682 635 760 singulis
663 684 727 744 lere
755 685 886 764 paginis·
903 687 1107 746 commentarii
1136 689 1233 748 critici

72 787 212 846 inueniri
234 786 391 866 possint..
417 787 500 864 Ergo
522 807 632 864 magna
654 787 872 848 correctionum
893 807 965 866 pars
989 809 1023 848 eo
1047 791 1144 850 solum
1164 813 1233 870 per-

72 892 166 966 tinet,
191 900 227 949 ut
244 911 289 966 ea,
313 910 389 966 quae
407 911 425 950 a
441 910 531 949 manu
547 889 645 968 prima
661 889 739 948 male
757 890 871 968 scripta
888 891 948 950 iam
964 891 1031 970 ipsa
1043 895 1073 950 ιι1
1088 902 1141 953 aut
1153 895 1186 952 l*
1198 917 1234 956 eo

70 993 181 1078 mode,
207 1013 296 1070 quem
318 1013 410 1071 supra
433 993 591 1072 descripsi,
615 1001 816 1068 correxerant,
840 993 898 1052 alio
917 995 1034 1054 scilicet
1052 996 1234 1074 perfectiore

74 1095 170 1154 modo
189 1097 393 1173 corrigantur,
417 1096 510 1171 uelut,
533 1116 601 1156 cum
617 1097 763 1174 scriptum
786 1103 868 1156 esset
891 1091 1085 1176 uirtutes,
1109 1111 1232 1180 parat,

77 1199 165 1256 l'ece
189 1199 435 1276 remirantur,
457 1200 568 1258 istut'
592 1205 623 1258 et
644 1199 718 1258 haec
738 1202 769 1257 Α1
787 1207 839 1258 aut
855 1201 889 1258 l⁹
904 1200 948 1259 ita
966 1204 1178 1280 correxissent,
1201 1210 1235 1264 ut

481 1315 502 1350 n
1011 1297 1043 1363 d.

76 1370 170 1428 fieret
188 1350 516 1450 ‘uirtutes,parat,
534 1365 717 1450 fecevrel
725 1372 926 1446 mirantur,
944 1373 1068 1466 istut’,
1082 1374 1139 1435 hoc
1155 1397 1234 1436 nouo

78 1492 247 1550 correctori
264 1510 323 1550 non
342 1492 418 1551 satis
436 1511 504 1552 esse
522 1493 621 1552 nisum
639 1500 695 1569 est,
718 1493 773 1552 sed
789 1511 913 1552 rasurae
931 1493 1040 1552 auxilio
1063 1515 1137 1555 usus
1159 1496 1234 1556 haec

78 1592 201 1652 effecit:
242 1588 460 1671 ‘uirtutea,
494 1600 644 1673 parant,
678 1594 805 1654 iecere
842 1596 1074 1672 mirantur,
1114 1599 1233 1658 istud'

79 1693 186 1770 (stella
217 1701 388 1758 erasurum
421 1697 586 1776 significat,
621 1699 740 1758 litterae
767 1698 930 1758 inclinatae
956 1719 1009 1758 eae
1038 1709 1123 1778 sunt,
1158 1723 1234 1779 quas

80 1809 238 1860 corrector
264 1802 295 1860 in
316 1821 422 1861 rasura
445 1821 600 1862 erasarum
621 1800 688 1861 loco
711 1801 877 1875 substituit,
901 1822 959 1877 quo
978 1803 1067 1880 modo
1085 1825 1141 1882 ego
1158 1807 1236 1866 haec

80 1904 112 1960 in
130 1904 344 1962 commentario
357 1903 472 1979 critico,
490 1904 542 1962 ubi
552 1903 618 1963 fieri
628 1911 758 1982 poterat,
776 1900 968 1982 significaui).
1012 1905 1099 1966 Aliae
1118 1927 1233 1968 correc-

80 2006 181 2065 tiones
200 2027 235 2066 eo
260 2005 384 2065 consilio
407 2005 506 2065 factae
529 2015 609 2083 sunt,
633 2015 667 2066 ut
689 2008 792 2082 uerba,
816 2027 893 2083 quae
915 2027 1022 2068 manus
1044 2010 1140 2087 prima
1163 2031 1234 2072 con·

81 2109 209 2169 iunctim
225 2110 400 2188 scripserat,
417 2109 496 2168 inter
513 2128 546 2168 se
565 2110 794 2184 diuellemntnr,
818 2110 911 2186 uelut,
930 2131 997 2170 cum
1009 2113 1040 2171 ι’
1055 2115 1233 2192 saepissime

82 2213 323 2290 praepositiones
363 2232 431 2270 cum
468 2214 606 2288 sequenti
645 2233 721 2274 uoce
759 2212 965 2272 coniunxisset
997 2216 1231 2295 scripsissetque

84 2310 248 2390 ‘deuita,
268 2314 508 2392 cumgaudio,
533 2315 696 2390 interae,
720 2335 846 2393 perse,
869 2317 1052 2376 sinerisu’
1075 2320 1232 2396 similiaue,

83 2417 117 2472 ιι5
133 2417 208 2477 haec
226 2419 258 2477 in
276 2413 348 2476 ‘d's
379 2419 473 2494 uita,
494 2425 536 2477 ott
554 2450 572 2488 ,μ
589 2417 743 2496 gaudio,
766 2417 906 2494 inlffse,
925 2439 1028 2496 pase,
1049 2422 1232 2493 sinffrisu'

84 2521 221 2598 mutauit,
255 2522 286 2580 in
315 2522 425 2597 quibus
447 2521 694 2597 correctionibus,
729 2528 763 2580 ut
783 2541 840 2600 par
862 2529 918 2596 est,
953 2524 1130 2601 saepissime
1153 2547 1233 2586 com-

84 2623 202 2700 pendiis
224 2624 328 2700 utitur,
362 2644 542 2700 quamquam
562 2623 638 2684 haec
661 2624 782 2701 quidem
803 2644 863 2683 non
886 2644 921 2684 eo
945 2627 1069 2686 consilio
1093 2631 1232 2706 correxit,

85 2737 119 2784 ut
150 2727 224 2786 haec
258 2725 435 2805 compe'ndia
467 2725 607 2802 inferret,
650 2735 740 2803 atque
774 2747 818 2803 ea,
853 2747 929 2803 quae
962 2731 1060 2807 posui,
1096 2734 1234 2811 exempla

88 2837 187 2889 tamen
213 2829 404 2889 modestioris
433 2837 504 2890 sunt
530 2829 660 2907 generis,
694 2829 749 2888 sed
777 2829 929 2890 interdum
962 2827 1029 2906 (cfr.
1059 2855 1088 2911 p.
1118 2837 1168 2910 27,
1198 2838 1233 2912 3,

89 2934 139 3006 81,
164 2933 217 3008 193
242 2934 366 3008 96,19;
390 2934 442 3007 97,
460 2934 515 3008 27;
540 2928 663 3008 99,10)
685 2933 791 2992 eodem
813 2933 902 3011 plane
924 2935 1049 2995 consilio
1072 2937 1237 3016 longiorem

89 3035 253 3094 litterarum
271 3035 380 3095 seriem
401 3056 494 3095 unum
516 3042 569 3094 aut
589 3035 678 3114 plura
699 3036 794 3095 uerba
816 3055 884 3095 cum
900 3037 1044 3115 proximis
1064 3031 1237 3101 continuata

91 3139 336 3215 complectentem
347 3139 450 3216 erasit,
463 3138 638 3215 eademque,
646 3159 723 3215 quae
735 3137 899 3215 deleuerat,
911 3140 942 3200 in
953 3161 1061 3202 rasura
1070 3145 1236 3205 minoribus

90 3240 196 3300 litteris
218 3249 257 3314 et,
291 3241 318 3300 si
339 3240 405 3302 fieri
426 3249 556 3320 poterat,
590 3241 775 3319 compendiis
799 3241 941 3303 adhibitis
964 3245 1095 3323 scripsit.
1148 3246 1235 3308 Idem

91 3343 244 3402 consilium
271 3344 422 3404 interdum
455 3339 523 3418 (cfr.
546 3365 576 3422 p.
600 3346 651 3420 91,
683 3346 722 3403 10
752 3351 782 3403 et
804 3339 857 3417 25)
890 3346 921 3404 in
944 3365 979 3406 eo
1003 3367 1121 3424 quoqne
1144 3351 1235 3410 corri-

91 3446 179 3522 gendi
194 3467 304 3523 genere
321 3455 456 3526 apparet,
471 3447 556 3528 cuius
572 3447 723 3526 permulta
740 3447 878 3526 exempla
894 3449 1095 3528 inueniuntur,
1116 3472 1184 3529 quo,
1203 3463 1237 3512 ut
1267 3467 1269 3474 ’

92 3549 213 3626 singulis
232 3549 377 3636 exemplis
399 3569 462 3610 rem
484 3549 644 3626 declarem,
669 3546 774 3621 ‘ircss’
796 3571 852 3628 pro
876 3545 997 3628 ‘irae’,
1021 3548 1156 3623 ‘rixaff’
1180 3577 1234 3634 pro

93 3647 223 3710 ‘rixam’
251 3651 423 3726 substituit;
457 3671 563 3712 uerum
585 3654 708 3732 saepius
731 3655 821 3714 etism
844 3655 882 3712 ob
905 3653 994 3713 aliam
1018 3675 1139 3716 causam
1162 3659 1235 3718 talia
1274 3639 1276 3645 Ι

93 3743 229 3813 correxit.¹
286 3755 366 3816 Nam
399 3774 467 3814 oum
495 3757 566 3812 l¹-²
592 3756 769 3834 plerumque
797 3777 813 3830 e
842 3752 908 3830 (aut
941 3757 1093 3818 interdum
1120 3755 1146 3834 c)
1179 3775 1234 3839 pro

93 3855 272 3934 diphthongo
294 3857 535 3936 rescripserint,
558 3877 618 3916 non
640 3859 746 3938 paucis
768 3858 843 3919 locis
865 3867 966 3918 tamen
988 3878 1022 3918 uc
1038 3861 1233 3939 reliquerunt,

93 3959 168 4033 quod
199 3960 396 4039 archetypum
429 3959 493 4020 fere
527 3979 646 4038 semper
678 3961 821 4022 habuisse
854 3961 919 4021 ueri
952 3961 1048 4024 simile
1082 3972 1143 4039 est;
1177 3966 1233 4026 has

95 4061 227 4137 antiquae
255 4062 423 4142 scripturae
451 4063 597 4139 rehquias
625 4065 747 4143 saepius
775 4065 824 4124 uel
846 4066 878 4124 Δι
901 4065 952 4125 uel
979 4067 1113 4144 proxime
1136 4069 1233 4128 secuti

95 4187 272 4270 correctores
295 4179 341 4257 (lu
363 4190 393 4244 et
415 4178 460 4256 Al)
483 4181 526 4242 ita
547 4201 702 4244 remouere
725 4184 917 4261 studuerunt,
947 4193 981 4245 ut
1003 4163 1037 4278 {w
1058 4188 1107 4246 uel
1129 4183 1232 4264 (raris-

95 4295 174 4373 sime)
194 4277 230 4392 {ze
248 4303 431 4376 scriberent;
455 4301 511 4362 sed
533 4310 564 4362 et
586 4324 663 4380 quae
684 4305 744 4364 iam
767 4305 812 4364 sic
835 4313 970 4365 correcta
993 4315 1080 4365 erant
1102 4316 1132 4367 et
1155 4327 1232 4384 quae

96 4419 177 4478 etiam
196 4439 277 4480 nunc
298 4421 413 4481 intacta
434 4430 614 4502 supererant
634 4423 684 4482 hic
701 4431 854 4484 corrector
866 4420 934 4501 (N),
957 4425 1142 4504 implacabih
1159 4449 1231 4504 quo·

95 4520 157 4580 dam
168 4522 254 4581 huius
267 4522 445 4602 diphthongi
458 4525 526 4584 odio
539 4524 658 4602 ductus,
677 4527 855 4604 saepissime
866 4529 910 4587 ita
921 4529 1060 4606 correxit,
1078 4538 1112 4590 ut
1122 4530 1231 4590 litteris

95 4623 148 4682 illis
169 4623 283 4684 duabus
306 4626 401 4687 erasis
423 4627 454 4687 in
475 4629 591 4688 rasuris
614 4647 629 4687 c
650 4629 858 4690 substitueret.
914 4631 955 4690 Et
982 4631 1063 4708 quod
1092 4627 1230 4702 ‘rixa„’

1002 4745 1026 4786 11
