3204 5342
384 442 426 482 un
447 441 589 484 nunvmu
612 441 741 484 nuruum
763 440 1194 498 uncorsonarroue,11-·1v.
1297 417 1358 482 381

214 604 251 668 in
280 603 402 669 osculis
430 604 498 669 tuis
526 611 695 670 mortuum
723 604 952 687 funeraueras,
986 611 1121 689 raptum
1142 626 1197 668 me
1220 604 1359 670 audisti:

214 713 281 779 hoc
304 711 414 777 adhuc
437 711 592 778 defuerat
613 712 686 796 tibi,
709 713 826 798 lugere
849 713 955 779 uiuos.

299 821 363 886 ΙΠ.
409 821 652 886 Grauissimum
681 827 733 886 est
762 844 802 886 ex
831 821 996 905 omnibus,
1030 842 1116 905 quae
1144 843 1304 905 umquam
1324 821 1394 886 inl

216 951 338 1016 corpus
371 936 467 995 tuum
500 928 765 1012 descenderunt,
804 951 923 995 recens
955 929 1094 1012 uulnuS,
1127 927 1252 1013 fateor3
1291 951 1361 994 non

191 1060 380 1109 ssummam
402 1043 514 1102 cutem
535 1038 636 1123 rupit,
665 1044 785 1123 pectus
809 1045 844 1103 et
864 1038 996 1102 uiscera
1017 1037 1092 1124 ipsa
1115 1035 1239 1105 diuisit.
1291 1037 1360 1104 Sed

216 1145 498 1230 quemadmodum
519 1146 647 1212 tirones
669 1146 792 1211 leuiter
813 1147 919 1212 saucii
940 1152 1055 1212 tamen
1078 1143 1307 1211 uociferantur
1326 1152 1361 1211 et

215 1277 334 1320 manus
356 1252 564 1321 medicorum
586 1255 694 1340 magis
718 1277 818 1340 quam
839 1252 966 1320 ferrum
982 1253 1131 1328 horrent,
1154 1260 1190 1320 at
1205 1254 1360 1319 ueterani

217 1363 369 1446 quamuis
403 1361 553 1428 confossi
584 1362 755 1448 patienter
788 1385 827 1427 ac
860 1363 934 1428 sine
966 1363 1094 1448 gemitu
1127 1362 1222 1426 uelut
1251 1361 1361 1428 aliena

217 1493 358 1557 corpora
392 1469 558 1536 exsaniari
591 1469 775 1556 patiuntur,
814 1471 863 1536 ita
895 1478 934 1537 tu
965 1492 1055 1535 nunc
1088 1469 1194 1534 debes
1226 1468 1361 1535 fortiter

179 1612 203 1648 lo
216 1580 381 1666 praebere
403 1585 438 1644 ta
461 1572 635 1644 curationi.
681 1577 958 1645 Lamentationes
981 1578 1116 1664 quidem
1139 1585 1174 1642 et
1189 1576 1395 1643 heiulatus2

218 1694 252 1752 et
275 1687 348 1772 alia,
371 1709 433 1773 per
454 1709 541 1771 quae
563 1685 635 1752 fere
657 1687 826 1753 muliebris
849 1686 947 1753 dolor
968 1687 1200 1770 tumultuatur,
1223 1706 1358 1769 amouc;

216 1794 395 1881 perdidisti
418 1796 507 1861 enim
529 1801 582 1860 tot
602 1795 702 1878 mala,
736 1795 938 1861 sinendum
958 1795 1081 1860 misera
1105 1816 1179 1860 esse
1202 1793 1359 1859 didicisti.

300 1903 360 1970 IV.
410 1902 544 1987 Ecquid
577 1902 696 1968 uideor
725 1925 794 1968 non
822 1902 939 1968 timide
969 1909 1083 1968 tecum
1111 1903 1246 1988 egisse?
1277 1899 1395 1967 nihill

216 2012 280 2077 tibi
307 2011 453 2078 subduxi
481 2035 521 2076 ex
549 2010 647 2078 malis
669 2011 747 2095 tuis,
781 2011 841 2076 sed
865 2012 977 2078 omnia
999 2017 1200 2078 coaceruata
1222 2018 1300 2076 ante
1323 2017 1358 2074 te

180 2155 204 2192 η
216 2119 325 2205 posui.
354 2120 496 2205 Magno
518 2118 554 2184 id
577 2119 687 2185 animo
710 2118 792 2204 feci;
817 2120 979 2186 constitui
1002 2120 1091 2184 enim
1112 2119 1249 2184 uincere
1267 2118 1360 2187 dolo-

216 2251 288 2294 rem
310 2234 414 2312 tuum,
436 2250 503 2294 non
529 2227 814 2295 circumscribere.
859 2227 1004 2296 Uincam
1026 2235 1148 2312 autem,
1172 2232 1265 2314 puto,
1292 2227 1361 2313 pri·

125 2383 147 2400 „
217 2359 309 2402 mum
336 2335 366 2402 si
393 2336 574 2402 ostendero
601 2334 686 2400 nihil
713 2359 767 2402 me
795 2336 876 2422 pati,
910 2342 1050 2422 propter
1077 2334 1168 2428 quod
1195 2337 1269 2422 ipse
1293 2335 1361 2400 dici

217 2445 346 2531 possim
373 2444 484 2529 miser,
517 2444 643 2510 nedum
671 2451 811 2532 propter
839 2443 930 2528 quod
957 2443 1098 2508 miseros
1122 2443 1224 2509 etiam
1245 2442 1254 2528 {l
1276 2455 1507 2528 quosf01.78v·

217 2554 379 2640 contingo
406 2552 544 2637 faciam3
578 2552 702 2618 deinde
730 2553 757 2618 si
787 2551 830 2618 ad
856 2559 892 2617 te
919 2551 1084 2617 transiero
1113 2558 1149 2617 et
1170 2552 1360 2637 probauero

179 2685 261 2732 one
282 2669 376 2727 tuam
398 2661 536 2746 quidem
558 2683 697 2746 grauem
719 2683 793 2726 esse
815 2659 994 2742 fortunam,
1018 2681 1104 2743 quae
1125 2665 1201 2724 tota
1223 2682 1264 2724 ex
1286 2681 1362 2724 mea

212 2769 353 2858 pendet.

302 2879 379 2944 Hoc
409 2878 502 2966 prius
531 2877 725 2964 adgrediar,
759 2876 851 2962 quod
878 2877 987 2964 pietas
1015 2883 1074 2942 tua
1102 2875 1218 2942 audire
1247 2876 1396 2962 gestit,2

218 2986 303 3052 nihil
331 2985 414 3051 mihi
440 2986 521 3052 mali
550 3009 633 3052 esse.
689 2985 726 3051 Si
753 2993 908 3072 potuero,
940 2986 1032 3072 ipsas
1060 3007 1124 3070 ree,
1158 2984 1280 3070 quibus
1307 3006 1361 3048 me

206 3101 319 3180 ,putas
352 3095 470 3180 premi,
502 3116 572 3160 non
606 3117 680 3160 esse
712 3093 943 3160 intolerabiles
975 3092 1098 3159 faciam
1130 3091 1360 3166 manifestum:

181 3240 207 3277 2⁶
220 3203 273 3268 sin
293 3203 330 3268 id
352 3203 445 3268 credi
467 3224 537 3268 non
558 3202 717 3288 potuerit,
740 3207 775 3266 at
798 3223 861 3286 ego
883 3201 966 3266 mibi
987 3201 1061 3287 ipse
1083 3201 1192 3287 magis
1208 3200 1361 3287 placebo,

221 3311 312 3397 quod
334 3311 423 3376 inter
446 3333 503 3377 eas
524 3333 579 3376 res
601 3310 723 3376 beatus
746 3331 813 3393 ero,
837 3331 923 3394 quae
946 3309 1087 3375 miseros
1110 3308 1222 3374 solent
1238 3306 1361 3372 facere.

221 3421 298 3485 Non
327 3426 388 3504 est,
422 3418 514 3504 quod
536 3419 578 3484 de
601 3441 655 3484 me
679 3418 751 3483 aliis
775 3417 907 3482 credas:
940 3417 1015 3502 ipse
1036 3416 1109 3500 tibi,
1142 3439 1186 3480 ne
1209 3415 1291 3502 quid
1312 3417 1398 3488 ins

223 3529 323 3593 certis
341 3527 556 3613 opinionibus
574 3526 790 3613 perturberis,
812 3525 926 3590 indico
945 3546 998 3589 me
1015 3546 1085 3590 non
1103 3545 1176 3589 esse
1193 3524 1362 3589 miserum.

222 3908 240 3961 9
257 3904 402 3962 exsaniari
420 3903 533 3962 Juretus
551 3913 577 3962 et
593 3903 722 3974 Lopsica
749 3903 892 3972 exsalnari
909 3901 931 3960 Α
948 3905 1036 3971 (mot
1052 3900 1155 3971 Kodm
1183 3898 1313 3957 exsecari
1331 3915 1365 3956 ec

223 4001 330 4058 „carcre
347 3994 456 4048 lectione
464 3990 613 4047 Piucioni“
630 3991 842 4058 &daedalea
853 3990 967 4056 Murato,
987 3989 1058 4058 quod
1065 3989 1188 4054 defendit
1198 3987 1363 4042 Groucuiue.

326 4079 358 4132 11
384 4077 533 4132 muliebris
560 4091 642 4130 noun.
659 4073 681 4132 D
700 4082 725 4130 et
749 4091 793 4143 ua.
816 4075 880 4128 iude
903 4091 920 4128 a
945 4074 1067 4140 Murum
1093 4073 1263 4128 mulieries

225 4165 257 4218 12
282 4163 410 4218 nondum
427 4164 507 4230 (non)
525 4160 633 4216 misera
650 4162 717 4215 coni.
741 4159 907 4229 Weseateay.
1013 4159 1045 4212 13
1070 4157 1191 4214 fitimide
1209 4155 1242 4224 A}
1264 4157 1364 4212 timide

224 4267 281 4318 u9.;
307 4267 384 4305 nuno
410 4246 511 4322 timide
537 4247 606 4302 coni.
631 4243 789 4314 Wesenberg]
819 4244 915 4311 (modo
942 4243 1042 4299 timide
1066 4243 1103 4297 W.
1125 4244 1247 4312 Gemuit,
1274 4243 1365 4299 3ch

224 4335 362 4402 scripturo
379 4335 444 4388 teuc
460 4333 571 4398 defendi
586 4337 680 4399 potest.
788 4330 819 4384 19
837 4329 874 4384 ed
892 4329 938 4396 Aa,
956 4337 988 4383 at
1005 4329 1036 4385 Α1
1138 4331 1174 4384 22
1189 4336 1254 4397 post
1270 4328 1365 4397 pietas
1392 4337 1393 4342 ’

223 4423 254 4474 in
275 4421 329 4485 fine
351 4435 448 4474 nesus
470 4419 570 4472 cocula
593 4431 674 4470 aoso
696 4421 742 4480 eet,
768 4416 831 4481 fort.
851 4421 902 4469 tua
1004 4414 1038 4468 23
1063 4421 1185 4484 potuero
1203 4414 1237 4483 Α;
1263 4420 1365 4484 potero

224 4521 307 4560 nonu.
325 4502 346 4561 ll
366 4513 391 4559 et
407 4521 451 4573 uo.
506 4505 541 4557 24
557 4507 643 4572 putas
660 4517 718 4569 πμ
736 4506 821 4570 putat
838 4500 860 4556 Α
879 4503 1024 4567 (umquam
1041 4499 1135 4569 pietas
1153 4501 1298 4554 subiectum
1317 4498 1366 4564 sit)

317 4595 494 4712 ¹tolerabiles
512 4658 590 4723 (corr.
608 4671 642 4708 m.
662 4655 688 4721 1)
706 4654 728 4710 Α
829 4655 863 4707 25
881 4659 983 4722 alpego
1001 4653 1048 4718 A⁶3
1066 4653 1158 4722 adego
1176 4652 1208 4708 Α1
