3246 5332
257 408 300 473 38
488 432 514 469 1.
538 427 657 470 Annum
679 428 815 470 1111111
837 428 1037 470 ursnocoavn
1059 429 1120 468 111.
1143 428 1177 467 11.

257 604 413 684 receptos
445 593 571 660 euincit
594 599 629 658 et
651 601 749 659 sanat
772 601 806 660 et
829 594 1029 680 comprimit,
1062 594 1148 659 haec
1169 615 1251 659 uero
1275 595 1405 659 minora

257 731 301 773 ne
324 706 428 772 sentit
451 703 588 790 quidem
609 726 673 768 nec
697 704 860 769 aduersus
884 727 925 770 ea
946 705 1047 769 solita
1068 703 1126 768 illa
1149 702 1275 769 uirtute
1297 703 1404 769 utitur

258 817 342 882 dura
368 812 545 898 tolerandi,
579 813 640 878 sed
663 819 721 878 aut
741 836 812 879 non
835 813 976 878 adnotat
999 819 1057 878 aut
1080 812 1182 898 digna
1204 812 1274 878 risu
1296 819 1405 899 putat.

226 929 240 980 1
342 923 406 988 XI.
451 924 643 1007 Praeterea,
679 924 755 986 cum
780 945 940 1008 magnam
966 929 1099 1008 partem
1127 921 1407 987 contumeliarum

259 1033 396 1120 superbi
423 1032 677 1116 insolentesque
706 1029 835 1096 faciant
858 1038 892 1094 et
913 1030 1001 1095 male
1023 1028 1224 1096 felicitatem
1245 1030 1433 1118 ferenteS‚s

178 1119 184 1129 ι
257 1140 372 1225 habet,
401 1163 466 1226 quo
490 1140 594 1204 istum
617 1139 776 1205 affectum
796 1138 952 1204 inflatum
973 1145 1120 1224 respuat,
1145 1138 1408 1226 pulcherrimam

257 1250 419 1314 uirtutem
441 1249 591 1314 omnium
615 1249 749 1333 [animi]‚
782 1247 1111 1333 magnanimitatem:
1144 1247 1211 1334 illa,
1246 1247 1408 1334 quicquid

260 1357 426 1423 eiusmodi
466 1364 533 1442 est,
577 1357 777 1422 transcurrit
813 1362 853 1420 ut
890 1379 996 1421 uanas
1036 1356 1166 1443 species
1201 1358 1408 1422 somniorum

258 1464 418 1551 uisusque
469 1473 653 1531 nocturnos
702 1465 787 1530 nihil
829 1463 988 1532 habentis
1033 1465 1133 1530 solidi
1177 1471 1280 1551 atque
1324 1465 1406 1532 ueri.

223 1574 365 1640 ssimul
392 1575 476 1640 illud
505 1557 642 1660 cogitat,
677 1597 792 1640 omnes
820 1573 998 1640 inferiores
1029 1596 1112 1658 esse,
1147 1597 1248 1660 quam
1274 1581 1313 1639 ut
1339 1574 1406 1640 illis
1422 1609 1446 1645 10

260 1682 401 1748 audacia
422 1683 467 1748 sit
488 1682 584 1748 tanto
609 1683 794 1749 excelsiora
817 1677 1001 1770 despicere.
1047 1682 1261 1749 Contumelia
1284 1706 1304 1749 1
1326 1704 1406 1749 con-

258 1797 392 1876 temptu
420 1791 512 1856 dicta
540 1798 600 1878 est,
635 1792 715 1876 quia
742 1813 852 1877 nemo,
885 1792 952 1857 nisi
974 1815 1074 1877 quem
1097 1792 1312 1878 contempsit,
1345 1793 1408 1858 tali

258 1899 381 1964 iniuria
418 1906 531 1985 notat3
575 1922 676 1965 nemo
710 1907 823 1965 autem
855 1901 1019 1966 maiorem
1050 1900 1292 1986 melioremque
1326 1923 1406 1967 con·

259 2008 389 2092 temnit,
424 2009 526 2073 etiam
553 2008 582 2074 si
608 2008 692 2074 facit
720 2008 856 2094 aliquid⁷
891 2008 983 2093 quod
1004 2015 1261 2077 contemnentes
1284 2010 1405 2076 solent.

258 2117 346 2181 Nam
387 2123 421 2181 11
459 2118 555 2203 pueri
594 2139 631 2182 os
672 2117 863 2204 parentium
899 2117 1027 2182 feriunt
1066 2124 1100 2182 et
1140 2118 1250 2183 crines
1290 2119 1406 2184 matris
1422 2153 1447 2190 ιε

258 2226 410 2291 turbauit
431 2226 661 2312 lacerauitque
683 2225 795 2292 infans
819 2233 853 2292 11
875 2232 974 2312 sputo
1000 2225 1168 2312 adspersit
1190 2233 1249 2292 aut
1264 2227 1409 2293 nudauit

258 2335 295 2399 in
325 2341 511 2421 conspectu
534 2357 671 2400 suorum
693 2335 842 2421 tegenda
865 2340 899 2400 11
921 2335 1034 2400 uerbis
1058 2335 1316 2401 obscenioribus
1339 2357 1408 2400 non

258 2444 427 2530 pepercit;
469 2450 502 2508 et
536 2443 620 2508 nihil
646 2443 768 2509 horum
797 2443 1036 2509 contumeliam
1064 2444 1216 2510 dicimus.
1273 2443 1408 2521 Quare?

225 2551 346 2637 equiti,
370 2553 428 2637 qui
451 2551 543 2636 facit,
567 2558 785 2617 contemnere
806 2574 877 2616 non
899 2559 1022 2637 potest.
1067 2553 1198 2618 Eadem
1221 2575 1322 2617 causa
1345 2559 1406 2637 est,
1446 2541 1448 2546 ’

260 2683 318 2725 cur
355 2681 418 2725 nos
456 2660 699 2748 mancipiorum
737 2667 930 2725 nostrorum
968 2660 1142 2726 urbanitas
1181 2661 1218 2726 in
1251 2661 1407 2727 dominos
1422 2697 1448 2734 20

260 2769 505 2833 contumeliosa
533 2768 691 2853 delectet,
727 2791 868 2854 quorum
891 2769 1033 2834 audacia
1054 2769 1103 2834 ita
1125 2770 1262 2834 demum
1284 2769 1350 2835 sibi
1371 2770 1407 2834 in

260 2876 421 2942 conuiuas
443 2877 495 2942 ius
517 2876 609 2962 facit,
633 2877 662 2942 si
685 2877 799 2964 coepit
822 2900 842 2942 a
865 2877 1016 2962 domino;
1043 2884 1077 2942 et
1098 2884 1138 2942 ut
1160 2877 1303 2964 quisque
1326 2899 1407 2944 con·

260 2985 503 3072 temptissimus
527 2993 561 3050 11
583 2987 634 3052 uel
656 2986 839 3050 ludibrium
862 2992 923 3070 est,
951 2985 1000 3049 ita
1023 2985 1247 3052 solutissimae
1268 2986 1407 3072 linguae

262 3100 321 3158 est.
365 3093 494 3159 Pueros
518 3095 654 3179 quidam
675 3095 711 3158 in
732 3094 798 3159 hoc
820 3101 1013 3158 mercantur
1035 3116 1196 3179 procaces
1221 3101 1255 3159 et
1271 3095 1407 3160 illorum

259 3201 505 3288 impudentiam
535 3209 661 3267 acuunt
691 3225 730 3267 ac
759 3203 821 3268 sub
844 3202 1006 3287 magistro
1029 3201 1168 3286 habent,
1202 3204 1260 3288 qui
1281 3203 1408 3290 probra
1422 3239 1449 3276 25

260 3310 422 3405 meditate
457 3309 647 3394 effundant,
686 3333 750 3375 nec
784 3309 844 3375 has
879 3310 1100 3375 contumelias
1134 3333 1305 3394 uocemue,
1347 3312 1409 3378 sed

260 3536 276 3588 6
293 3534 353 3588 istd
372 3536 430 3588 eme
447 3534 529 3588 dubio
545 3533 680 3588 bctumot
695 3530 746 3596 11ς
771 3548 858 3600 supra
876 3532 982 3588 litteras
1001 3532 1139 3586 munides
1156 3531 1192 3588 t⁵
1221 3532 1274 3588 illd
1300 3535 1411 3601 scripsit

529 3628 542 3656 0

261 3678 287 3725 et
302 3671 334 3724 im
351 3685 401 3737 my.
420 3672 506 3724 uerba
525 3687 543 3738 q
560 3668 613 3722 11111
631 3666 740 3722 affectu
757 3669 877 3722 meraca.
989 3668 1005 3721 7
1032 3667 1122 3722 animi
1149 3667 1343 3736 (notanimis)
1370 3668 1406 3725 1ι

260 3758 290 3809 im
307 3756 362 3821 atne
380 3771 483 3822 uersam,
511 3755 584 3822 quod
599 3754 811 3832 unce-inclusit
826 3753 937 3821 Haase,·
963 3755 993 3818 tm
1008 3770 1060 3822 my.
1079 3752 1115 3809 t⁸
1135 3761 1195 3809 octo
1219 3755 1281 3821 (aut
1298 3757 1409 3824 septem)

261 3841 370 3895 litteras
388 3841 503 3904 addidit,
530 3846 563 3893 ut
588 3840 666 3904 fieret
690 3838 920 3906 animisanitat53
948 3838 1028 3894 initio
1055 3856 1151 3894 uersus
1177 3857 1230 3909 seq.
1258 3841 1408 3910 magnani-

131 3991 134 3998 .
210 3935 212 3941 '
261 3925 400 3992 mitatem,
429 3922 692 3993 111111111111,
715 3923 828 3991 punctis
849 3930 972 3979 motatum
988 3924 1079 3990 faisse
1095 3925 1213 3993 uidetur,
1240 3928 1289 3981 sed
1302 3934 1409 3995 puncta

261 4027 361 4066 rursm
386 4011 444 4075 sere
471 4025 552 4064 erasa
578 4015 651 4075 sunt,
680 4015 706 4062 et
730 4009 972 4077 magnanimitate
998 4014 1028 4065 in
1054 4026 1105 4078 my.
1127 4012 1245 4066 iterauit
1269 4011 1304 4068 1ὁ

263 4097 294 4150 11
313 4094 501 4151 contemtus
605 4096 637 4148 12
655 4094 849 4152 contemsitll
952 4094 984 4148 13
1002 4096 1124 4151 ctcmnit
1140 4097 1269 4153 tamese
1285 4097 1342 4151 aid.
1362 4096 1408 4165 A1,

263 4197 427 4250 quamquam
444 4181 520 4235 actae
537 4181 642 4236 litterae
660 4184 706 4233 ct.
717 4221 722 4233 .
734 4220 739 4232 .
751 4185 781 4233 .t
799 4186 885 4234 certae
904 4187 982 4248 mma·
1001 4182 1201 4250 redinteprator
1218 4181 1279 4249 (15)
1298 4183 1411 4252 ctepnit

263 4267 407 4335 scripsisse
424 4267 488 4333 uid,
515 4267 563 4320 sed
579 4265 719 4332 scriptura
736 4265 818 4319 ualde
837 4262 950 4320 obscura
967 4272 1014 4320 est.
1128 4268 1160 4320 19
1185 4268 1259 4323 facit
1276 4267 1311 4335 1;
1337 4268 1410 4324 fecit

1382 4364 1398 4392 u

263 4421 316 4472 co,
334 4406 417 4458 etiam
435 4401 512 4458 Koch
530 4408 667 4470 tamquam
684 4400 755 4457 eall
866 4404 900 4456 22
926 4402 1004 4473 cepit
1020 4402 1044 4458 1
1151 4405 1410 4475 contemptissimis

264 4488 343 4555 (corr.
364 4487 427 4553 fort.
446 4504 480 4540 m.
498 4486 530 4553 2)
557 4485 590 4552 1;
616 4488 647 4540 in
671 4485 958 4555 mmconteptissim’
976 4487 1129 4544 iteramrat
1153 4487 1200 4556 18,
1226 4491 1298 4558 quod
1320 4507 1411 4558 paene

263 4573 385 4628 monuit.
463 4571 498 4626 23
516 4578 546 4626 et
563 4572 611 4626 uel
629 4570 779 4638 (ludibrio)
797 4571 834 4625 H.
853 4571 881 4626 J·
900 4571 1003 4628 Miller
1023 4572 1126 4642 (Symb.
1144 4575 1181 4629 ad
1198 4576 1298 4630 entend.
1318 4577 1411 4643 ccmpt.

263 4657 440 4725 Lat.1881);
468 4656 695 4713 &utludibriul
802 4658 836 4711 26
863 4655 1013 4713 effundant
1030 4673 1089 4726 ayn
1116 4657 1307 4716 effunduntll
