3144 5344
1187 420 1217 479 V

68 606 140 680 ,Me
162 605 303 666 hominen
326 611 388 668 aaa
409 610 531 670 mmime
554 607 690 682 oniaco,
722 625 789 669 cum
811 607 893 668 Deae
915 610 1022 685 meaq-
1051 610 1216 670 amadati·

69 709 148 782 „boa
196 708 305 781 Quaere
334 711 472 789 opusculi
499 709 581 789 quod
608 710 639 770 in
668 710 836 789 sapientem
864 730 938 788 neq;
972 711 1081 772 iniuria
1103 712 1156 771 ao.
1180 732 1217 773 ea

68 811 199 888 „uerba2
239 812 284 872 Dc
316 810 433 874 01ιωνοα
463 815 577 874 trabem
606 815 730 874 raditum
758 830 850 874 ammo
873 820 1106 888 praeamaerai
1136 810 1215 894 (cap.

69 916 140 990 ‚,18,
166 909 213 990 3);
247 916 425 978 incredibile
447 917 530 978 dictu
553 924 610 992 est,
633 922 744 994 quanto
766 916 838 977 mibi
861 915 953 977 Siculi
976 918 1044 979 libii
1067 919 1218 998 scripture

69 1018 192 1091 „nerim
213 1037 281 1080 esse
303 1021 452 1096 uideatur,
487 1041 554 1098 quae
576 1020 641 1081 hac
664 1027 726 1082 est:
761 1019 859 1080 Sermo
880 1037 940 1080 aon
956 1039 1013 1095 pro
1035 1039 1126 1082 mac
1147 1027 1216 1083 eret

70 1121 136 1195 ,Ex
158 1121 207 1182 his
229 1129 260 1183 et
275 1123 413 1202 plurimis
431 1123 498 1184 aliis
513 1124 589 1184 locis
607 1123 767 1201 colligitur,
789 1124 910 1203 plurimi
926 1146 945 1184 a
963 1125 1082 1186 Murato
1100 1124 1215 1185 factum

70 1222 187 1298 „fuisse
214 1226 252 1285 ab
275 1226 440 1304 eodemque
461 1247 516 1306 per
539 1226 746 1288 excellentiam
769 1225 902 1287 Siculum
925 1228 1059 1289 codicem
1082 1228 1214 1307 appella-

70 1334 164 1403 ,tum,
188 1349 256 1390 cum
278 1328 370 1390 fuerit
390 1331 515 1391 Antonii
536 1329 691 1390 Francisci
716 1328 881 1391 caraccioli
903 1330 1007 1392 Siculi.

419 1450 525 1528 ,Idem
547 1449 687 1530 Olgiatus
709 1443 860 1530 scripsit.“

153 1637 252 1716 Igitur
278 1639 327 1701 liic
354 1641 505 1701 Antonius
529 1639 678 1719 Olgiatus,
713 1640 764 1716 qni
791 1640 871 1700 circa
897 1640 983 1700 initia
1010 1659 1090 1701 saec.
1118 1639 1216 1700 XVII

68 1740 271 1802 bibliothecae
296 1743 506 1803 Ambrosianae
534 1742 700 1823 praefectus
729 1749 807 1818 erat,
842 1749 947 1802 auctor
974 1743 1039 1803 eius
1066 1743 1216 1822 opinionis

70 1850 126 1918 est,
160 1865 220 1921 qna
239 1845 391 1906 Moratum
417 1847 480 1926 iam¹
505 1847 562 1907 hoc
590 1845 693 1907 codice
721 1865 809 1905 usum
832 1865 900 1906 esse
922 1833 1084 1907 Fickertus
1106 1845 1215 1923 aliique
1272 1851 1275 1858 '

69 1953 227 2023 putarunt;
261 1968 350 2025 quam
383 1948 492 2010 falsam
526 1969 593 2010 esse
626 1950 658 2008 in
691 1948 903 2010 dissertatione
930 1970 998 2009 mea
1024 1969 1103 2009 anno
1135 1951 1217 2010 1874

69 2049 198 2110 Hauniae
242 2051 340 2127 edita,
385 2073 463 2130 quae
514 2052 669 2129 „Studia
720 2051 860 2112 critica
909 2053 945 2112 in
988 2053 1024 2112 L.
1068 2052 1216 2113 Annaei

71 2152 236 2214 Senecae
269 2148 463 2233 dialogos“
498 2155 681 2231 inscribitur,
715 2175 805 2234 pagg.
840 2157 860 2214 8
893 2173 960 2232 sqq.
994 2156 1130 2233 probaui,
1163 2156 1216 2216 ubi

70 2256 127 2316 hoc
149 2277 277 2334 quoque,
301 2257 448 2336 quomodo
472 2259 568 2320 codex
589 2265 697 2339 postea
718 2258 750 2316 in
771 2276 860 2318 nsum
877 2257 1025 2319 editorum
1043 2267 1216 2338 protractus

72 2367 162 2437 esset,
185 2362 320 2440 exposui.

155 2479 273 2540 Folium
296 2482 423 2543 alterum
444 2483 476 2540 in
497 2483 595 2560 prima
616 2481 727 2560 pagina
748 2479 823 2540 nihil
844 2489 965 2559 praeter
983 2479 1096 2541 codicis
1116 2481 1216 2558 signa·

71 2589 178 2659 turam,
212 2603 302 2660 quam
330 2605 423 2663 supra
448 2583 590 2660 indicaui,
623 2584 765 2644 continet.
822 2583 859 2643 In
887 2603 1004 2644 summa
1030 2583 1142 2663 pagina
1169 2603 1216 2642 se·

73 2685 170 2745 cunda
207 2687 296 2747 nnins
334 2707 443 2749 uersus
482 2694 513 2747 et
551 2687 666 2747 dimidii
703 2707 811 2748 rasura
850 2693 914 2762 est,
959 2686 989 2745 in
1029 2706 1105 2763 qua,
1149 2707 1217 2746 cum

73 2795 172 2849 cetera
204 2791 323 2850 omnino
357 2791 458 2870 legere
489 2811 550 2852 non
582 2791 740 2870 potuerim,
774 2790 849 2852 haec
881 2798 982 2852 tamen
1014 2789 1111 2876 fuisse
1141 2790 1217 2850 satis
1249 2791 1257 2807 '

73 2899 186 2953 certum
209 2900 270 2954 est:

816 3007 843 3046 rs

274 3083 340 3144 ua
361 3083 438 3144 aaa
460 3089 508 3145 aa
531 3113 566 3122 -
595 3113 632 3124 -
700 3021 843 3162 cola]
863 3063 1004 3144 casine-u
1026 3113 1068 3124 -
1090 3114 1132 3125 -

295 3183 653 3191 ———---—

77 3199 106 3275 (i.
125 3223 165 3261 e:
189 3203 431 3282 congregationis
455 3198 650 3279 casinensis).
695 3204 778 3280 Ergo
801 3211 916 3288 certum
938 3211 987 3264 est
1012 3204 1092 3263 hunc
1112 3202 1223 3262 librum

78 3306 146 3364 olim
167 3305 198 3365 in
219 3307 403 3368 bibliotheca
425 3306 600 3368 monasterii
621 3306 894 3368 Montecasinensis
917 3306 1023 3384 fuisse,
1046 3306 1127 3367 unde
1149 3326 1222 3383 quo·

78 3410 164 3470 modo
186 3410 292 3471 exierit
315 3431 370 3488 ego
393 3410 513 3484 nescio;
547 3411 604 3470 hoc
626 3417 745 3471 tentum
767 3409 885 3486 addam,
919 3410 950 3470 in
973 3410 1110 3488 catalogo
1133 3409 1223 3470 huius

78 3513 275 3574 bibliothecae
308 3533 389 3574 saec.
411 3513 479 3574 XII
512 3514 739 3574 commemorari
775 3513 941 3589 „Senecam
968 3513 1107 3591 magistri
1134 3513 1223 3573 amici

79 3636 164 3691 quem
186 3616 310 3677 abemus
332 3637 386 3696 pro
409 3617 468 3677 alio
485 3617 602 3678 Seneca
622 3617 795 3677 monasterii
818 3616 849 3676 in
868 3611 1012 3697 pignore“
1037 3612 1110 3690 (nid.
1132 3615 1220 3675 Gust.

78 3717 204 3778 Beckeri
222 3718 358 3797 (latalogi
374 3719 631 3780 Bibliothecamm
646 3719 783 3796 Antiqui,
806 3740 835 3798 p.
855 3719 926 3778 246.
970 3719 1096 3779 Bonnae
1116 3712 1220 3793 1885).

79 3851 118 3860 -
140 3821 201 3882 Sub
224 3821 281 3883 hac
303 3841 410 3883 rasura
431 3821 535 3882 nitidis
556 3822 667 3884 litteris
688 3822 763 3896 haec
785 3821 901 3902 scripta
923 3827 1007 3882 sunt:

528 4027 547 4062 a
610 4008 687 4072 EST
749 4025 768 4060 a

185 4129 204 4164 ὓ
245 4067 521 4193 intomperans.
545 4115 733 4195 Neapolitae.
759 4113 933 4175 Oaraccioli.
957 4113 1051 4174 Siculi
1093 4129 1111 4162 a

541 4224 571 4279 et
643 4218 649 4230 ’

174 4353 194 4388 ¹*
230 4339 319 4398 Anno
342 4338 380 4398 D.
426 4319 515 4418 (Nl
540 4317 719 4399 iffi
760 4335 807 4395 Χ0
827 4336 898 4396 Kal.
922 4334 1069 4396 Nouemb.
1113 4350 1132 4384 a

475 4487 514 4511 υ
539 4441 730 4503 :Messanae
754 4461 760 4498 :
785 4482 824 4506 υ

162 4631 223 4690 Sub
251 4630 299 4690 his
326 4649 432 4692 rursus
459 4637 601 4707 quattuor
627 4649 771 4691 uersuum
797 4647 904 4688 rasura
933 4636 993 4702 est;
1027 4628 1059 4687 in
1088 4627 1220 4688 seeundo

66 4741 110 4792 'et
129 4733 217 4793 tertio
239 4732 314 4793 haec
337 4739 515 4792 cernuntur:
1122 4739 1126 4750 '
