3126 5344
260 433 307 492 IV

261 626 450 679 morarentur
481 617 587 694 digna3
628 616 684 676 sed
715 636 753 674 ne
787 618 955 676 attulissem
990 617 1119 692 quidem,
1158 617 1218 676 nisi
1252 637 1287 676 ea
1319 619 1405 692 ratio,

261 743 350 798 quam
366 721 505 781 Kochius
527 715 781 795 (autVahlenius)
804 720 834 778 in
857 718 970 779 codicis
993 719 1150 797 scripturis
1174 738 1406 780 commemoran-

261 824 309 884 dis
342 831 466 884 secutus
501 831 580 898 erat,
619 822 834 882 necessitatem
866 822 939 882 mihi
970 822 1166 900 imposuisset
1198 822 1273 882 haec
1306 811 1409 882 eorum

262 947 354 987 causa
376 926 533 1002 afferendi,
563 926 743 1002 quicumque
765 945 863 985 meam
885 925 1046 985 editionem
1069 933 1099 984 et
1120 925 1309 985 Kochianam
1330 926 1409 985 inter

170 1107 174 1116 Ι
261 1049 294 1089 se
323 1049 497 1108 comparare
519 1029 678 1089 noluerint.
736 1026 876 1088 Ceterum
898 1028 1047 1104 quaedam
1068 1028 1269 1088 minutissima
1290 1047 1408 1104 quoque

262 1133 413 1192 interdum
441 1131 551 1191 afferre
578 1132 646 1191 ideo
675 1131 936 1210 operaepretium
960 1151 1027 1191 esse
1049 1133 1148 1190 uisum
1171 1137 1242 1206 eat,⁴
1260 1139 1295 1190 ut
1317 1152 1408 1209 appa-

260 1243 355 1310 reret,
390 1255 480 1311 quam
515 1234 617 1312 pusilli
645 1234 757 1294 codicis
784 1234 977 1294 Ambrosiam
1005 1231 1066 1310 (uel
1094 1229 1263 1312 archetypi)
1291 1253 1409 1293 errores

262 1338 362 1413 qualia
401 1338 569 1414 scripturae
609 1333 745 1397 monstra
777 1337 807 1396 in
841 1337 1041 1397 deterioribus
1075 1336 1230 1396 codicibus
1263 1357 1409 1414 generare

260 1441 445 1519 potuissent;
480 1440 660 1516 quicumque
688 1440 824 1499 Fickerti
857 1448 1036 1518 apparatum
1069 1440 1207 1499 criticum
1240 1459 1309 1499 cum
1341 1459 1409 1498 meo
1511 1489 1514 1496 .

261 1563 435 1622 comparare
464 1543 608 1619 uoluerit,
643 1541 769 1602 adfatim
797 1543 1000 1622 exemplorum
1028 1544 1132 1602 statim
1159 1543 1306 1619 inueniet,
1340 1563 1410 1602 nam

260 1647 309 1706 hie
342 1646 483 1706 sordibus
517 1665 573 1722 ego
608 1647 853 1708 commentarium
885 1665 984 1706 meum
1016 1665 1142 1706 onerare
1175 1645 1317 1723 dignatus
1349 1666 1409 1704 non

146 1789 148 1793 .
262 1744 375 1824 sum.*)

347 1852 408 1912 Sed
434 1855 555 1930 teinpus
583 1858 640 1927 est,
675 1860 709 1911 ut
737 1852 776 1912 ad
803 1853 955 1930 propriam
977 1852 1118 1912 editionis
1139 1871 1224 1911 meae
1246 1850 1409 1929 praefatio-

261 1978 330 2016 nem
352 1955 509 2029 accedam3
533 1955 635 2030 itaque
657 1975 675 2014 a
692 1954 811 2040 codicis
824 1956 1036 2034 ,descriptione
1057 1953 1260 2033 incipiendum
1283 1961 1338 2013 est.

346 2060 406 2118 Hic
429 2058 534 2132 codex,
558 2058 662 2134 quiin
684 2058 867 2118 bibliotheca
888 2058 1090 2118 Ambrosiana
1111 2058 1220 2118 htteris
1244 2057 1269 2117 Ο
1289 2068 1343 2137 ng
1361 2058 1410 2116 90

262 2169 355 2241 part.
384 2161 449 2222 inf.
478 2162 624 2239 signatur,
661 2162 910 2221 membranaceus
939 2170 986 2221 eet
1013 2160 1078 2220 folii
1105 2161 1239 2236 minoris,
1273 2162 1314 2220 88
1337 2159 1411 2220 folia

248 2266 429 2340 'continens
464 2265 575 2340 quibus
604 2264 663 2323 duo
691 2285 751 2324 non
780 2264 817 2324 ad
839 2265 938 2342 ipsum
962 2264 1097 2324 codicem
1119 2263 1300 2341 pertinentia
1322 2284 1410 2342 prae·

261 2367 322 2428 fixa
344 2375 423 2441 sunt.
468 2367 506 2426 In
528 2366 635 2426 horum
657 2367 753 2444 primo
776 2385 866 2426 uerso
887 2367 962 2427 haec
984 2367 1128 2445 legimus:
1231 2405 1233 2410 ·

349 2470 493 2548 „Senecae
525 2470 620 2529 multa
654 2469 808 2548 opuscula,
843 2490 969 2548 quorum
995 2470 1126 2530 indicem
1157 2463 1162 2546 Ι
1191 2469 1286 2529 hahes
1308 2470 1339 2542 in
1362 2489 1410 2529 se·

265 2574 383 2650 „cunda
410 2573 529 2651 pagina.
560 2564 566 2650 Ι
597 2571 656 2631 Sed
687 2572 811 2632 aduerte
839 2574 1018 2652 opusculum
1046 2572 1084 2631 de
1111 2572 1172 2631 otio
1201 2579 1232 2631 et
1260 2573 1299 2632 ad
1320 2572 1410 2650 Poly·

265 2678 366 2756 „bium
396 2669 402 2752 Ι
431 2696 491 2734 non
519 2674 645 2752 reperiri
673 2675 704 2734 in
731 2676 788 2735 hoc
817 2676 929 2736 codice.
960 2668 966 2754 Ι
997 2674 1148 2734 Caeterum
1174 2675 1223 2734 hic
1246 2675 1341 2734 codex
1364 2683 1412 2735 est

266 2781 364 2858 „notis
387 2799 460 2839 sane
483 2778 581 2837 doctis
604 2777 779 2855 adspersus,
802 2779 911 2838 litteris
941 2771 947 2856 Ι
977 2777 1187 2856 Longobardis
1210 2779 1410 2856 conscriptus,

266 2883 544 2961 „septingentorum
573 2888 603 2939 et
631 2881 759 2958 amplius
789 2875 794 2957 Ι
825 2901 971 2940 annorum
999 2881 1177 2956 antiquitate
1204 2881 1411 2956 uenerandus‚

266 2985 406 3062 ‚,multiq;
430 2983 597 3042 faciendus.

351 3087 522 3162 „Felicibus
545 3086 688 3163 auspiciis
704 3081 789 3146 Ille}
807 3084 895 3146 Oard.
913 3086 1052 3146 Pederici
1069 3085 1411 3163 BorrhomaeiArchiep.

267 3189 406 3265 „Medici
429 3187 580 3248 Antonius
603 3187 744 3264 Olgiatus
766 3189 889 3267 scripsit
911 3209 988 3248 anno
1013 3190 1104 3249 1603.

352 3291 453 3368 „Illud
475 3291 566 3349 etiam
588 3297 618 3349 te
640 3310 756 3367 moneo,
779 3292 994 3352 humanissime
1006 3291 1126 3368 Lector,
1151 3311 1188 3351 ex
1209 3292 1267 3351 hoc
1289 3290 1413 3370 potissi-

268 3416 368 3471 „mum
402 3393 505 3453 codice
533 3393 685 3452 Muretum
718 3394 766 3452 sui
795 3393 918 3454 Senecae
952 3415 1041 3470 quem
1075 3394 1170 3454 edidit
1198 3395 1415 3454 correctionem

268 3497 420 3577 „petiisse
455 3514 543 3571 quem
573 3495 649 3554 tanti
677 3494 761 3570 fecit,
794 3504 828 3555 ut
856 3517 923 3556 eum
952 3498 983 3556 in
1011 3498 1074 3556 suis
1101 3497 1182 3557 notis
1206 3497 1245 3557 ad
1267 3496 1415 3556 Senecam

271 3599 392 3675 „multis
414 3597 555 3657 laudibus
579 3578 729 3656 extulerit.
773 3599 857 3676 Lege
879 3607 967 3658 notas
991 3600 1029 3659 ad
1051 3599 1094 3679 pl}
1115 3600 1152 3658 de
1174 3601 1219 3659 ira
1242 3619 1333 3678 super
1354 3597 1415 3657 illis

259 3702 390 3778 '„uerhis
417 3701 566 3776 Quodam
586 3717 662 3760 saeue
683 3718 782 3772 mauu,
816 3703 912 3762 uerbis
934 3704 1082 3776 parcimus
1111 3699 1188 3780 (cap.
1211 3703 1242 3779 4,
1272 3697 1312 3776 3).
1363 3701 1415 3760 In-

270 3812 367 3883 ‚‚epte,
398 3804 439 3862 ait
460 3803 608 3878 Muretus,
636 3803 666 3862 in
690 3803 756 3862 aliie
777 3804 878 3864 libris:
917 3804 1055 3879 Quaedam
1077 3799 1140 3864 sede
1161 3809 1288 3863 omnem.
1338 3801 1415 3862 Haec

272 3906 469 3983 „emendatiq
505 3912 539 3963 ut
566 3905 632 3964 aliae
660 3905 812 3983 plereque,
846 3927 883 3966 ex
906 3909 1017 3985 optimo
1041 3913 1072 3968 et
1093 3907 1299 3966 uetustissimo
1321 3905 1415 3964 Libro

271 4009 392 4086 „Siculo
421 4016 476 4068 est.
521 4007 600 4068 Vide
628 4007 665 4067 de
692 4009 782 4068 beata
809 4010 873 4068 uita
900 4009 931 4067 in
958 4010 1018 4069 illis
1047 4009 1164 4068 uerbis:
1199 4009 1250 4067 Me
1275 4009 1416 4068 luminam

272 4114 413 4188 „maxime
436 4110 572 4184 copiaco,
597 4127 664 4169 eum
685 4111 751 4170 Diis
772 4113 879 4185 uadem
913 4113 1078 4172 resultabo
1102 4105 1181 4188 (cap.
1205 4112 1256 4185 25,
1278 4106 1321 4184 4).
1366 4109 1417 4169 sic

272 4214 352 4290 „alij‚
387 4221 418 4272 at
440 4218 551 4288 quanto
574 4212 691 4289 melius,
715 4213 795 4289 quod
818 4233 836 4271 a
857 4233 904 4272 me
927 4234 964 4273 ex
986 4213 1063 4273 libro
1086 4212 1188 4272 Siculo
1212 4220 1330 4272 erutum
1352 4218 1415 4272 est:

269 4345 497 4356 ——---——-

291 4395 322 4463 ΙΙ
340 4396 383 4452 Ut
405 4412 495 4450 unum
519 4393 567 4448 hic
590 4375 754 4463 exemplum
776 4393 914 4462 adferam,
942 4395 1007 4464 quis
1031 4394 1166 4450 crederet
1182 4393 1246 4450 fieri
1264 4410 1357 4463 posse,
1384 4399 1418 4448 ut

339 4499 365 4551 p.
388 4480 445 4548 311,
471 4479 503 4532 12
531 4479 561 4534 in
585 4479 634 4533 lib.
659 4479 694 4534 de
718 4480 864 4535 breuitate
886 4479 967 4534 uitae
990 4481 1015 4548 4,
1037 4481 1055 4534 4
1077 4481 1121 4549 (z
1146 4479 1180 4547 V,
1203 4482 1220 4534 2
1249 4478 1292 4534 ed.
1315 4477 1358 4545 F.)
1382 4495 1419 4533 ex

339 4563 493 4635 archetypi
515 4563 660 4634 scriptura
683 4567 732 4634 qui
752 4565 906 4620 bominibus
922 4566 1084 4634 pomtihtesq·
1113 4565 1177 4635 (pro
1193 4564 1361 4633 pendbuaqd
1387 4563 1420 4618 in

339 4647 533 4706 deterioribus
552 4648 624 4703 haec
642 4656 807 4704 orerentur:
835 4650 912 4718 quib;
931 4649 1053 4705 omnibm
1071 4651 1237 4719 paroentibus
1255 4649 1344 4718 quae?
1380 4649 1419 4702 Et

318 4727 320 4732 ¹
339 4737 432 4792 multa
451 4734 560 4790 adferri
578 4741 701 4805 possunt
719 4734 831 4790 similia.
