3126 5344
547 578 618 642 Iuni
646 581 734 641 Card.
757 581 897 642 Federiei
919 582 1116 642 Borrhomcei
1138 612 1176 625 -
1192 589 1239 623 '-

734 706 811 746 enno
836 687 927 746 1603.

341 790 415 850 Veri
443 789 540 849 simile
567 789 661 866 igitur
689 797 737 848 est
766 787 956 848 Gardiualem
983 789 1162 849 Fodericum
1190 789 1407 849 Borromaoum

256 894 335 952 hunc
373 893 483 952 librum
523 913 541 950 a
578 893 809 970 possessoribus
848 899 938 952 antea
975 889 1172 965 nominatis*)
1211 913 1288 952 anno
1324 893 1405 952 1603

170 983 173 989 ¹
258 997 368 1056 emisse
391 1002 422 1054 et
444 996 476 1054 in
496 995 711 1054 bibliothecam
733 995 966 1054 Ambrosianum
987 994 1136 1054 intulisse.

340 1100 407 1159 Iam
435 1083 474 1158 ad
500 1097 601 1175 ipsum
630 1097 765 1157 codicem
793 1099 890 1172 uenio,
924 1099 956 1157 in
983 1097 1069 1157 cuins
1098 1097 1169 1157 folio
1197 1098 1294 1176 primo
1321 1107 1406 1165 recto

254 1223 391 1264 rasuram
414 1201 588 1278 quindecim
610 1220 754 1259 uersuum
776 1201 958 1278 reperimus;
993 1200 1049 1260 sed
1072 1221 1148 1277 quae
1170 1202 1219 1261 hic
1242 1223 1341 1276 manu,
1374 1203 1406 1261 ni

254 1308 381 1366 multum
414 1305 518 1379 fallor,
562 1303 771 1362 recentissime
804 1305 919 1382 scripte
952 1303 1089 1380 fuerunt,
1135 1302 1272 1364 funditus
1306 1306 1407 1366 deleta

256 1416 336 1470 sunt.
391 1409 486 1468 Paulo
520 1406 647 1468 inferius
679 1406 798 1480 littorio,
831 1413 916 1485 puto,
951 1408 1078 1468 Graecis
1111 1408 1226 1486 scripta
1259 1415 1307 1467 est
1335 1429 1405 1485 uox,

256 1533 345 1589 quam
367 1532 423 1571 nec
446 1511 528 1588 typis
550 1508 678 1569 reddere
701 1529 825 1586 possum
847 1530 904 1569 neo
926 1511 1078 1588 intellego.
1123 1512 1162 1572 In
1184 1511 1319 1573 eiusdem
1341 1510 1406 1571 folii

255 1615 368 1693 pagine
390 1615 523 1674 secunde
544 1613 654 1673 litteus
676 1612 845 1672 uncialibus
868 1613 958 1672 ualde
979 1614 1084 1674 nitidis
1107 1623 1137 1673 et
1159 1614 1250 1673 minio
1267 1614 1406 1673 'exaratis

187 1759 189 1762 -
256 1718 346 1777 index
369 1737 471 1776 eorum
493 1717 637 1777 librorum
660 1715 803 1790 Senecae,
838 1736 914 1792 quos
937 1716 1033 1776 codex
1056 1718 1190 1777 continet
1222 1714 1284 1792 (uel
1305 1718 1406 1795 potius

257 1821 440 1898 archetypus
463 1820 528 1880 eius
551 1815 762 1894 continuerat),
786 1820 831 1879 sic
853 1820 986 1898 scriptus
1009 1827 1057 1879 est
1078 1840 1169 1880 manu
1190 1820 1302 1898 prima:

504 2011 540 2069 L.
563 2008 698 2069 ANNEI
721 2007 895 2069 SENEOAE

389 2129 675 2206 nunoconvu
697 2146 818 2206 bruni
840 2106 942 2206 uin
965 2145 1042 2205 ΧΠ.

257 2251 304 2310 IN
325 2249 473 2310 PRIMIS
495 2249 553 2308 AD
577 2248 788 2341 LUCILIVM
812 2294 817 2306 .
843 2247 985 2319 QVARE
1008 2248 1171 2320 ALIQVA

257 2345 493 2402 INOOMMODA
502 2344 617 2399 BONIS
627 2345 735 2400 UIRIS
746 2343 1046 2400 AGOIDANToUM
1056 2345 1328 2401 PROUIDENTIA
1338 2345 1405 2401 SIT.

257 2443 314 2500 Ao
338 2439 541 2500 suncuun
564 2483 570 2496 .
594 2437 677 2498 uno
699 2437 905 2502 inivenln
926 2437 1010 2497 uuo

259 2544 340 2604 ocu
363 2543 417 2603 ru
439 2541 609 2602 unnuu
630 2540 840 2600 Aooffnnn
864 2539 1106 2601 elmenerii
1130 2585 1136 2598 .
1162 2587 1167 2599 .
1194 2588 1200 2601 .

258 2647 315 2705 ΑΙ)
338 2645 544 2706 uounruu
566 2645 623 2704 uu
646 2644 722 2712 IRA
744 2643 865 2702 uteru
887 2643 949 2704 111.

257 2746 845 2808 Annuucrln

258 2852 316 2910 An
340 2850 592 2911 clnnrounn
613 2849 671 2908 nn
693 2847 796 2910 uun
818 2848 968 2908 ΒΕΑ-ΤΑ.

258 2953 316 3012 AD
342 2944 597 3032 llllllllllllll
621 2951 678 3010 DE
702 2946 868 3024 0T10·**)

258 3056 316 3114 Ao
340 3056 540 3115 suenuvu
561 3055 619 3114 ou
642 3054 1016 3126 rennounnrrlru
1039 3055 1175 3114 Auno.

255 3159 313 3218 An
336 3159 559 3220 PAULINUM
622 3158 680 3216 on
703 3158 945 3218 sucurrere
967 3159 1077 3218 viru.

256 3260 909 3332 insonueruu

255 3362 829 3424 ADHELBIAM
904 3364 1360 3424 MATREM.·

342 3467 405 3526 Sub
427 3467 476 3526 his
498 3466 601 3526 addita
624 3474 696 3526 suut
717 3466 792 3526 hoec
814 3467 938 3526 Antonii
961 3466 1084 3544 01giati,
1107 3479 1141 3526 ut
1163 3468 1293 3544 uidetur,
1315 3487 1406 3528 menu

257 3575 425 3628 aucmento
447 3569 565 3646 uulgari
588 3570 717 3647 scripta:

341 3665 481 3720 Eiusdem
498 3664 631 3734 epistolae
649 3665 687 3720 ed
705 3666 738 3720 B.
756 3665 858 3720 Pauld.

343 3751 481 3806 Eiusdem
500 3751 689 3822 epitaphium.

342 3843 516 3920 Sequuntur
544 3843 653 3903 deinde
682 3843 713 3902 in
741 3845 801 3902 ima
827 3845 939 3922 pagina
966 3846 1041 3905 haec
1068 3865 1174 3906 rursus
1197 3866 1287 3904 manu
1308 3846 1406 3923 prime

256 3947 366 4005 litteris
387 3947 489 4005 rubris
511 3946 639 4024 scripta:

325 4041 434 4109 Incipit
452 4041 489 4096 ad
507 4041 660 4106 lucilium!
711 4041 775 4107 Qua
793 4061 824 4097 re
842 4042 941 4110 aliqua
958 4043 1141 4098 incommoda
1159 4029 1243 4097 bonis
1260 4044 1333 4098 uiris

470 4127 639 4182 accidant
713 4143 850 4195 cumpro
868 4127 898 4181 ui
917 4127 973 4183 den
991 4128 1026 4196 lle
1044 4129 1090 4183 sit.

278 4349 308 4418 ὶθ)
327 4349 429 4406 Obiter
450 4367 554 4406 moneo
576 4369 630 4404 nos
654 4350 796 4419 pictorem
815 4351 959 4419 quendam
977 4351 1203 4420 Neapolitanum
1222 4352 1301 4406 circe
1319 4352 1406 4406 initio

325 4455 399 4492 saec.
415 4436 502 4492 XVII
521 4434 670 4491 uiuentem
687 4436 813 4504 nouisse,
832 4437 879 4492 cui
897 4457 1003 4494 nomen
1017 4437 1227 4493 Giambettista
1237 4437 1404 4492 Geracciolo

325 4528 397 4578 eret.

258 4607 307 4676 ”l
325 4609 360 4664 In
378 4627 488 4673 recuro,
507 4623 594 4677 quem
612 4607 735 4676 signeui
754 4615 866 4665 eertum
884 4615 930 4666 est
946 4608 1039 4666 fuisse
1057 4607 1252 4664 SERENUM.
