3144 5344
196 371 292 430 XXX

196 560 278 618 dium
302 559 471 636 congeriem
493 560 606 631 uidere,
631 579 720 634 quam
743 580 780 616 ex
802 559 839 616 iis
857 566 1009 653 enotatam
1026 558 1182 632 habemus,
1205 557 1341 616 Fickerti
1407 618 1411 630 ,

195 663 441 722 commentarium
474 661 577 736 adeat,
612 661 651 720 ad
677 681 766 736 quem
798 661 948 720 interdum
976 661 1007 719 in
1035 661 1246 720 commentario
1275 681 1341 738 meo

194 765 338 824 lectorem
361 763 508 840 delegaui,
532 773 566 822 ut
588 766 716 843 exempli
740 785 832 823 causa
848 765 998 842 inspicere
1015 773 1129 841 posset,
1154 784 1231 839 quae
1249 765 1342 842 scrip-

177 875 329 937 turarum
362 874 498 925 monstra
531 888 567 925 ex
601 888 690 944 quam
723 867 843 945 pusillis
875 867 1070 925 Ambrosiam
1108 867 1226 925 mendis
1266 864 1342 941 (siue

195 970 359 1048 archetypi,
385 989 474 1044 quem
495 969 576 1029 idem
597 970 741 1030 habuisse
763 970 834 1028 mihi
856 989 1034 1046 persuasum
1057 965 1115 1044 est)
1138 971 1169 1028 in
1191 970 1238 1028 his
1261 971 1342 1028 codi-

195 1074 280 1132 cibus
308 1081 374 1132 orta
404 1081 516 1131 essent.
573 1073 639 1132 Has
669 1074 850 1132 deteriorum
878 1073 1046 1150 scripturas
1072 1093 1108 1130 ex
1131 1073 1268 1132 Fickerti
1291 1093 1341 1151 ap-

193 1184 301 1254 paratu
324 1175 453 1253 sumpsi,
484 1175 526 1234 ita
548 1184 663 1252 tamen,
698 1185 740 1251 ut,
770 1177 851 1251 quod
880 1175 919 1234 ad
942 1195 993 1234 eos
1017 1176 1137 1234 codices
1160 1175 1341 1252 pertinebat,

194 1280 303 1354 quibus
325 1278 505 1353 Pincianus,
533 1279 686 1354 Muretus,
714 1279 948 1356 DelecampiuS,
981 1278 1129 1336 Gruterus
1161 1278 1270 1353 aliique
1294 1278 1341 1335 usi

195 1389 295 1456 erant,
329 1382 436 1439 horum
464 1382 596 1439 uirorum
619 1381 828 1441 adnotationes
855 1381 931 1439 meis
960 1380 1069 1456 oculis,
1089 1369 1248 1456 'quantum
1276 1379 1342 1438 fieri

193 1491 327 1561 poterat,
356 1483 551 1560 inspicerem,
581 1505 639 1560 quo
664 1482 807 1543 effectum
830 1491 891 1560 est,
915 1491 956 1564 ut,
972 1492 1002 1541 11
1023 1484 1184 1542 nonnullos
1206 1483 1342 1542 Fickerti

194 1606 312 1645 errores
340 1586 489 1662 corrigere
516 1605 638 1663 possem
668 1594 698 1645 et
724 1587 874 1662 quaedam
896 1589 975 1645 bona
998 1585 1124 1661 addere,
1159 1607 1235 1662 quae
1258 1587 1341 1644 illum

194 1686 349 1764 fugerant,
385 1697 518 1746 ceterum
545 1689 577 1747 in
604 1695 701 1748 totum
731 1689 891 1766 diligenter
921 1709 988 1748 eum
1015 1689 1091 1748 hae'c
1119 1689 1278 1766 collegisse
1312 1699 1343 1748 et
1417 1715 1419 1720 ·

194 1792 371 1868 exposuisse
403 1791 552 1865 intellexi,
588 1799 618 1850 et
650 1791 801 1850 interdum
830 1812 898 1850 eum
928 1813 1028 1852 errare
1057 1793 1194 1869 potuisse
1221 1793 1342 1850 minime

194 1894 286 1952 miror
308 1902 360 1952 aut
381 1894 529 1970 indignor.
587 1894 664 1953 Sunt
692 1903 793 1954 tamen
820 1895 955 1953 nonnulli
986 1894 1172 1972 dialogorum
1192 1895 1277 1968 libri,
1310 1896 1341 1952 in

193 1997 303 2072 quibus
325 1996 413 2073 plura
436 2015 473 2054 ex
502 1996 657 2056 codicibus
680 1998 881 2057 deterioribus
904 1998 1006 2074 attuli,
1036 2017 1111 2073 quos
1139 1997 1266 2076 primum
1294 2017 1341 2055 me

193 2100 363 2177 inspexisse
398 2099 504 2175 oredo,
538 2101 667 2158 maxime
701 2100 782 2176 quod
815 2102 912 2159 bonae
946 2101 1094 2177 quaedam
1129 2101 1359 2175 correctiones,¹

192 2223 269 2277 quae
288 2202 338 2260 uel
355 2203 411 2260 sub
425 2203 616 2277 antiquorum
629 2203 776 2262 editorum
788 2205 959 2262 nominibus
971 2203 1156 2278 ferebantur,
1177 2204 1225 2261 uel
1237 2211 1347 2262 nostro.

195 2305 314 2362 demum
336 2313 484 2382 tempore,
515 2313 660 2381 quantum
683 2307 821 2381 equidem
844 2308 923 2380 1110,
953 2313 1092 2384 repertae
1115 2314 1199 2381 sunt,
1228 2307 1341 2364 iamin

194 2408 231 2466 iis
254 2408 500 2482 inueniebantur;
525 2408 562 2466 de
584 2409 632 2467 his
654 2409 713 2467 iam
735 2429 833 2486 pauca
856 2409 984 2469 dicenda
1007 2417 1085 2470 sunt.

279 2510 317 2569 In
338 2511 437 2568 tribus
461 2509 504 2569 de
525 2509 583 2568 ira
604 2510 690 2569 libris
713 2513 823 2574 multas
847 2512 934 2570 attuli
954 2513 1120 2590 scripturas
1137 2513 1239 2570 11111111
1257 2513 1340 2570 Lac-

194 2616 395 2683 11111171,
419 2617 469 2687 32,
497 2613 599 2687 quiin
623 2615 770 2691 catalogis
791 2614 993 2673 bibliothecae
1017 2633 1095 2674 saec.
1119 2615 1186 2673 XII
1209 2616 1340 2692 scriptus

194 2735 262 2774 esse
285 2716 403 2790 dicitur,
433 2716 505 2773 mihi
527 2736 598 2775 uero
622 2725 703 2775 certe
721 2738 781 2776 uno
805 2718 926 2776 saeculo
949 2719 1098 2776 recentior
1121 2737 1188 2778 esse
1210 2719 1339 2776 uidetur.

194 2819 443 2877 Membranaceus
457 2826 504 2876 est
515 2818 546 2876 in
557 2815 612 2893 4l0,
636 2819 667 2877 in
680 2819 807 2896 singtilis
819 2820 939 2898 paginis
952 2821 1028 2880 duas
1043 2821 1198 2880 columnas
1209 2821 1340 2894 habens,

196 2923 329 2980 continet
350 2922 478 2998 primum
500 2922 644 2980 nonnulla
667 2921 821 2982 Ciceronis
844 2924 990 3001 opuscula
1016 2923 1064 2994 (de
1088 2931 1259 2996 senectute,
1289 2943 1342 3000 pa·

173 3024 321 3098 'radoxa,
346 3024 492 3102 epistulas
515 3024 619 3098 Bruti,
643 3026 790 3084 somnium
813 3025 988 3105 Scipionis),
1020 3027 1128 3085 deinde
1150 3035 1214 3086 tres
1237 3027 1342 3085 deira

193 3128 288 3186 libros
310 3147 370 3186 non
391 3127 524 3186 indicato
547 3128 704 3205 scriptoris
725 3129 860 3203 nomine,
889 3137 983 3188 utne
1005 3130 1084 3188 tituli
1107 3130 1229 3204 quidem
1250 3111 1341 3189 libro-

194 3251 261 3289 rum
283 3237 438 3308 apparent.
484 3221 617 3308 Tempus
639 3232 711 3290 mihi
732 3252 792 3290 non
815 3234 1006 3309 suppetebat,
1029 3241 1063 3290 ut
1085 3233 1204 3310 plenam
1228 3233 1341 3292 codicis

196 3334 395 3393 conlationem
415 3333 618 3409 instituerem,
649 3335 704 3393 sed
732 3336 898 3412 permultas
928 3336 992 3394 eius
1016 3336 1180 3412 scripturas
1204 3339 1342 3414 excerpsi

195 3436 323 3494 maxime
351 3435 389 3493 ad
418 3455 470 3495 eos
496 3437 578 3495 10101
606 3437 809 3514 pertinentes,
843 3437 880 3496 de
910 3439 1018 3513 quibus
1052 3439 1164 3516 ambigi
1198 3440 1340 3515 sciebam,
1397 3497 1400 3508 ,

196 3538 344 3614 quomodo
367 3538 521 3598 scribendi
543 3547 655 3614 essent,
679 3540 814 3615 aliasque
835 3546 938 3617 partes
955 3541 1090 3617 integras
1108 3543 1237 3619 perlegi;
1262 3543 1341 3602 unde

196 3639 354 3700 adfirmare
383 3659 507 3717 possum
535 3643 614 3701 huno
644 3642 794 3719 codicem,
825 3663 893 3702 cum
920 3643 1072 3701 interdum
1099 3645 1195 3704 bonas
1224 3664 1340 3705 correc-

195 3743 291 3802 tiones
313 3744 473 3820 praebeat,
504 3754 605 3805 tamen
629 3757 659 3804 et
680 3747 877 3822 neglegenter
900 3747 1046 3823 scriptum
1070 3765 1138 3805 esse
1161 3756 1191 3805 et
1214 3747 1341 3807 licenter

194 3846 423 3924 interpolatum,
454 3847 497 3904 ita
518 3854 552 3904 11
575 3848 722 3922 dubitem,
753 3870 791 3907 an
813 3869 874 3907 non
897 3868 1006 3925 operae
1029 3849 1159 3927 pretium
1181 3851 1222 3909 sit
1245 3858 1341 3909 totum

197 3947 343 4008 conferre.
409 3948 534 4008 Praeter
562 3971 614 4009 eas
645 3951 732 4009 huius
756 3941 868 4010 codicis
892 3952 1075 4030 scripturae,
1099 3971 1174 4026 quas
1197 3952 1299 4011 littera
1322 3953 1341 4010 L

196 4053 332 4128 signatas
360 4050 391 4108 in
419 4054 629 4112 commentario
659 4054 761 4130 attuli,
796 4055 844 4113 hic
874 4053 984 4114 addam
1012 4053 1168 4112 librarium
1189 4054 1340 4114 incuriose

197 4155 378 4214 scribentem
407 4155 583 4233 saepissime
610 4157 703 4216 uerba
736 4157 870 4234 singula,
904 4156 1055 4216 interdum
1087 4157 1178 4216 etiam
1211 4158 1341 4235 plurium
1368 4150 1372 4158 ’

195 4258 356 4316 uerborum
378 4257 486 4316 seriem
509 4259 661 4334 omisisse,
697 4260 768 4318 alibi
790 4261 883 4318 uerba
913 4258 950 4318 de
978 4278 1032 4318 suo
1067 4259 1235 4336 addidisse,
1270 4261 1341 4318 alibi

195 4361 356 4418 uerborum
379 4359 513 4420 ordinem
534 4369 677 4438 mutasse,
702 4362 773 4421 alibi
795 4363 889 4420 uerba
911 4361 1017 4420 similis
1036 4360 1263 4438 significationis
1285 4384 1340 4440 pro

195 4463 333 4540 genuinis
351 4463 555 4539 substituisse,
568 4463 640 4522 alibi
657 4464 746 4522 simul
762 4463 900 4541 pluribus
917 4464 1014 4522 modis
1026 4483 1154 4523 errasse.
1194 4466 1341 4543 Exempla

195 4566 270 4624 haec
293 4564 412 4624 adferre
434 4566 506 4624 mihi
528 4565 577 4625 hic
599 4566 702 4625 liceat:
730 4588 761 4645 p.
786 4569 836 4642 54,
860 4567 933 4626 411
955 4568 1135 4645 llegimus:
1175 4568 1251 4642 Quid
1272 4569 1342 4642 quid

198 4671 252 4727 tole
279 4688 338 4726 101
366 4671 411 4726 iro
439 4669 729 4742 1111111111111111
758 4671 816 4742 irc,
851 4691 880 4746 p.
906 4671 961 4746 55,
988 4673 1042 4730 17:
1073 4675 1108 4730 11
1128 4687 1187 4728 coc
1215 4675 1256 4730 est
1284 4672 1341 4728 illis
