3144 5344
1189 421 1219 480 V

72 608 143 682 „Me
164 607 305 668 hominen
328 613 390 670 turn
411 612 533 672 muctare
556 609 692 684 copiaco,
724 626 790 670 cum
813 609 895 670 Deus
917 611 1023 686 eosdm·
1053 611 1218 670 condem

72 711 151 783 „bor.
198 710 308 783 Quaere
336 712 474 791 opusculi
502 711 583 790 quod
610 711 641 772 in
670 712 838 791 sapientem
866 731 939 790 neq;
974 712 1083 774 iniuria
1105 713 1158 772 ae.
1182 733 1219 774 ea

71 813 201 890 ,uerba:
241 814 286 874 Dc
318 812 435 876 Gboerea
465 817 579 876 tnbmw
608 816 732 876 mitidum
760 831 852 876 serm
875 821 1108 889 prooecncucrut
1138 811 1217 896 (cap.

73 918 143 993 „18,
168 912 215 992 3);
249 919 427 980 incredibile
449 919 532 980 dictu
555 926 612 994 est,
635 924 746 996 quanto
768 917 840 978 mibi
863 917 955 978 Siculi
978 918 1046 980 libri
1069 921 1220 998 scriptura

72 1020 194 1094 „uenor
215 1039 283 1082 essa
305 1023 454 1098 uideatur,
489 1041 556 1100 quae
578 1022 644 1082 haeo
666 1029 728 1082 est:
763 1021 861 1082 Sermo
882 1039 942 1082 oon
958 1041 1015 1096 pro
1037 1041 1128 1082 mona
1149 1028 1218 1084 erut.

73 1123 139 1197 ,Ex
160 1123 209 1184 his
232 1131 263 1185 et
278 1125 415 1205 plurimis
433 1125 500 1186 aliis
516 1126 591 1186 locis
609 1125 769 1203 colligitur,
791 1125 912 1204 plurimi
929 1147 948 1185 a
964 1126 1084 1188 Mureto
1102 1125 1217 1186 factum

72 1224 189 1300 ,fuisse
216 1229 254 1288 ab
277 1228 442 1306 eodemque
463 1249 518 1308 per
541 1228 748 1290 excellentiam
771 1227 905 1288 Siculum
927 1229 1061 1290 codicem
1084 1229 1216 1308 appella·

73 1335 167 1406 „turm
191 1351 259 1392 oum
280 1331 372 1392 fuerit
392 1333 517 1393 Antonii
539 1331 694 1394 Francisci
718 1329 884 1392 Caraccioli
906 1331 1009 1392 Siculi.

421 1451 527 1531 „Idem
549 1451 689 1532 Olgiatus
711 1445 862 1531 scripsit.“

156 1639 255 1718 Igitur
281 1641 329 1703 bic
356 1643 508 1702 Antonius
531 1641 680 1720 Olgiatus,
715 1642 766 1718 qui
793 1642 873 1701 circa
900 1641 986 1701 initia
1012 1660 1092 1702 saec.
1121 1639 1218 1701 XVII

71 1743 273 1804 bibliothecae
299 1745 509 1806 Ambrosianus
536 1743 702 1824 praefectus
731 1750 809 1820 eret,
844 1751 949 1804 auctor
976 1744 1041 1804 eius
1069 1745 1218 1823 opinionis

72 1853 128 1920 est,
162 1867 222 1923 qua
241 1847 394 1908 Muretum
420 1849 483 1928 iam
507 1849 564 1910 hoc
592 1848 695 1908 codice
723 1867 811 1907 usum
833 1867 902 1908 esse
924 1834 1086 1908 Fickertus
1109 1845 1218 1924 aliique

72 1955 229 2026 putarunt,
264 1970 353 2027 quam
385 1951 495 2012 falsam
528 1971 596 2012 esse
628 1951 660 2011 in
693 1950 905 2012 dissertatione
932 1970 1000 2011 mea
1027 1969 1104 2010 anno
1136 1952 1219 2011 1874

71 2052 201 2112 Hauniae
245 2053 343 2129 edita,
387 2075 465 2131 quae
517 2053 672 2132 ,Studia
722 2053 862 2114 critica
911 2054 948 2113 in
991 2054 1027 2113 L.
1071 2053 1219 2114 Annaei

74 2154 239 2216 Senecae
272 2150 465 2236 dialogos“
500 2157 684 2232 inscribitur,
717 2177 807 2235 pagg.
842 2159 862 2216 8
895 2175 963 2233 sqq.
997 2157 1133 2236 probaui,
1167 2158 1219 2217 ubi

73 2258 130 2319 hoo
152 2279 280 2337 quoque,
303 2259 451 2338 quomodo
475 2261 571 2321 codex
592 2267 699 2339 postca
720 2260 752 2319 in
774 2277 862 2320 usum
879 2258 1027 2320 editorum
1045 2267 1218 2339 protractus

74 2369 164 2438 esset,
188 2364 323 2442 exposui.

158 2482 276 2542 Folium
299 2484 425 2544 alterum
446 2484 478 2543 in
500 2485 597 2562 prima
618 2482 730 2563 pagina
750 2482 825 2542 nihil
846 2487 968 2561 praeter
986 2481 1099 2542 codicis
1118 2482 1218 2559 signa-

74 2591 181 2661 turam,
215 2605 305 2662 qoam
332 2607 425 2665 supra
451 2585 592 2661 indicaui,
626 2585 768 2646 continet.
824 2585 862 2644 In
889 2605 1006 2645 summa
1033 2585 1144 2664 pagina
1172 2605 1219 2644 se-

75 2687 173 2747 cunda
210 2688 299 2749 unius
337 2709 445 2750 uersus
484 2697 515 2750 et
553 2689 668 2749 dimidii
706 2707 814 2749 rasura
852 2695 916 2764 est,
961 2688 992 2747 in
1032 2709 1107 2764 qua,
1152 2708 1220 2748 oum

75 2797 175 2851 cetera
207 2776 326 2853 omnino
359 2794 461 2871 legere
493 2813 553 2854 non
584 2793 743 2872 potuerim,
776 2793 851 2854 haec
884 2799 985 2853 tamen
1017 2790 1114 2876 fuisse
1143 2791 1219 2851 satis
1252 2793 1260 2808 '

75 2900 189 2954 certum
212 2901 273 2956 est:
585 2899 589 2907 '

741 3023 754 3046 .
819 3009 845 3048 rs

277 3085 343 3146 Iste
364 3085 440 3146 liber
463 3092 511 3146 est
534 3115 568 3124 -
598 3115 634 3126 -
703 3065 845 3163 congr—e—
866 3065 1007 3146 Oasinen.
1029 3115 1070 3126 -
1093 3115 1134 3126 -

79 3201 109 3277 (i.
128 3224 168 3263 e.:
193 3185 655 3284 congregaliomfcasffins'i‘d
698 3205 780 3282 Ergo
804 3212 919 3289 certum
941 3213 989 3266 est
1015 3205 1094 3265 hunc
1115 3204 1226 3264 librum

80 3307 149 3367 olim
170 3308 201 3367 in
221 3309 406 3370 bibliotheca
427 3307 603 3369 monasterii
624 3307 897 3369 Montecasinensis
920 3308 1026 3386 fuisse,
1049 3307 1129 3368 unde
1152 3328 1225 3385 quo·

80 3412 166 3471 modo
189 3412 296 3473 exierit
318 3433 373 3490 ego
395 3412 515 3486 nescio;
549 3412 608 3471 hoo
629 3419 747 3472 tantum
770 3411 888 3487 addam,
921 3411 953 3471 in
976 3411 1113 3489 catologo
1136 3411 1226 3470 huius

80 3515 277 3576 bibliothecae
310 3533 391 3576 seeo.
414 3515 482 3576 XII
515 3515 741 3575 commemorari
778 3514 944 3591 „Senecam
971 3513 1110 3592 magistri
1137 3514 1225 3574 amici

81 3638 167 3693 quem
189 3619 313 3678 abemus
334 3639 389 3698 pro
412 3619 470 3679 alio
488 3617 604 3679 Seneca
625 3618 798 3679 monasterii
821 3617 852 3678 in
871 3613 1015 3696 pignore“
1040 3614 1113 3692 (nid.
1134 3616 1223 3676 (inst.

80 3719 207 3780 Beckeri
225 3720 361 3799 Catelogi
377 3721 634 3782 Bibliothecarom
650 3721 785 3798 Antiqui,
809 3741 839 3799 p.
858 3721 929 3780 246.
973 3721 1099 3781 Bonnae
1119 3713 1223 3794 1885).

81 3853 120 3862 -
143 3823 204 3884 Sub
227 3824 284 3885 hoo
306 3843 413 3885 rasura
433 3823 538 3884 nitidis
559 3824 670 3885 litteris
691 3824 766 3898 heco
789 3824 904 3904 scripta
926 3829 1010 3884 sunt:

265 4061 271 4070 .,
531 4029 550 4064 se
613 4010 690 4074 EST
752 4027 771 4062 a

188 4131 207 4166 ὓ
248 4069 382 4195 ilntonij.
406 4117 524 4178 Franc’.
548 4116 737 4196 Neapolitae.
762 4115 1054 4177 corcaiensem
1095 4130 1114 4164 a

544 4226 574 4281 et
596 4219 758 4280 amicorum

177 4354 196 4389 ⁴*
234 4341 322 4400 Anno
345 4339 383 4400 D.
429 4321 516 4420 (Ῑ)Ι)
543 4319 722 4400 imm
764 4335 901 4398 X⁰Kel
925 4336 1072 4398 Nouemb.
1116 4351 1135 4385 a

479 4487 517 4512 υ
543 4463 548 4501 :
572 4442 733 4504 Messanae
756 4461 763 4500 τ
789 4483 827 4506 υ

164 4633 226 4692 Sub
254 4631 302 4692 his
329 4649 435 4692 rursus
463 4638 605 4708 quattuor
631 4649 774 4692 uersuum
801 4647 908 4690 rasura
936 4637 996 4702 est;
1030 4629 1062 4688 in
1091 4628 1223 4689 seeundo

67 4745 112 4795 'et
132 4736 220 4796 tertio
242 4734 317 4795 haec
340 4741 518 4794 cernuntur:
1125 4739 1129 4752 ’
