3144 5344
197 398 345 460 XXVIII

199 595 260 646 est:
284 589 386 659 putria
413 589 443 646 ia
470 583 612 661 differtum
639 589 830 648 omniorum
852 591 1029 660 peruenerat
1055 593 1083 646 et
1103 591 1198 662 psam
1219 605 1271 647 rec
1292 590 1346 646 cir-

200 691 353 761 oumfusus
374 692 491 750 uictms
513 694 654 750 aestus
676 693 768 750 armis
789 709 823 749 cn
844 693 990 764 asperam
1012 688 1267 766 bco‘roqitubctJ
1306 688 1349 748 At

199 796 245 854 itu
267 795 332 868 uc,
355 793 398 852 ita
420 793 550 870 quidem,
574 800 608 852 ut
626 814 670 870 ea,
695 813 772 870 quae
790 793 876 854 uncis
896 793 1090 870 circumdedi,
1113 815 1205 854 unum
1225 813 1348 853 uersum

199 895 343 971 efficiant,
366 895 412 956 bis
436 897 556 956 omissis
580 895 647 965 b(=
659 890 686 972 β)
711 896 786 956 baec
808 903 925 956 tantum
947 896 1054 957 babet:
1080 899 1180 972 patria
1201 900 1232 956 ic
1254 898 1296 956 uli
1317 902 1350 956 ut

197 1000 245 1058 ule
273 999 344 1072 &c.;
379 999 411 1057 in
439 999 496 1053 ΡΜ
523 1000 632 1060 lacuna
665 999 897 1078 interpolatione
931 1000 1083 1060 occultata
1116 1007 1180 1077 est,
1215 1021 1284 1060 cum
1306 1001 1348 1060 ita

198 1102 396 1163 scriberetur:
415 1105 547 1176 putrium
567 1105 741 1164 ubbucrut.
787 1102 842 1162 Ille
865 1103 924 1172 (Ρ’)
945 1104 1008 1162 uel:
1026 1106 1159 1176 putrium
1175 1105 1345 1164 subruerat.

197 1204 241 1265 At
260 1207 307 1265 ille
328 1206 403 1280 (P⁴);
427 1224 532 1265 rursus
554 1206 647 1284 igitur
669 1228 706 1267 ex
728 1206 776 1266 his
799 1207 935 1284 colligas,
958 1205 1014 1265 hos
1036 1211 1101 1266 tres
1123 1206 1244 1267 codices
1269 1207 1348 1268 eius-

199 1308 267 1368 dem
301 1308 405 1388 stirpis
439 1327 507 1368 esse
541 1316 572 1368 et
605 1309 727 1386 quidem
759 1317 884 1390 propter
915 1308 1042 1368 lacunae
1075 1315 1214 1372 naturam
1245 1328 1349 1369 omnes

199 1431 236 1471 ex
259 1411 443 1489 Aoriginem
465 1412 596 1489 trahere,
620 1434 800 1491 quamquam
822 1417 926 1493 negari
955 1436 1016 1477 non
1043 1423 1162 1495 potest,
1191 1435 1242 1490 ea,
1270 1433 1348 1489 quae

199 1514 311 1575 omissa
335 1521 419 1588 sunt,
445 1515 533 1575 etiam
557 1523 587 1576 et
608 1516 640 1575 in
657 1517 820 1597 archetypo
839 1525 869 1579 et
886 1520 916 1579 in
938 1522 968 1577 X
987 1520 1091 1580 itidem
1114 1539 1206 1579 unum
1227 1535 1362 1576 uersum·

199 1616 322 1677 efficere
349 1618 495 1697 potuisse.
553 1619 693 1697 Denique
720 1641 750 1698 p.
774 1622 830 1696 29,
860 1623 879 1680 6
903 1642 969 1699 sqq.
993 1625 1015 1682 Α
1039 1623 1123 1683 solus
1152 1622 1228 1681 haec
1255 1620 1349 1679 uerba

198 1719 311 1780 habere
333 1719 467 1781 uidetur:
491 1740 556 1796 erqo
577 1724 605 1782 si
625 1724 817 1789 tatwiusbte
832 1725 908 1784 mulo
922 1771 928 1784 .
943 1771 950 1785 .
965 1771 971 1784 .
986 1771 992 1785 .
1000 1717 1157 1801 peruenire
1174 1742 1234 1784 aaa
1244 1727 1347 1796 potest,

200 1843 268 1882 cum
299 1829 329 1883 et
357 1824 394 1883 ab
422 1824 484 1884 illis
510 1825 609 1884 tribus
632 1825 788 1885 codicibus
812 1833 843 1886 et
865 1849 882 1887 a
905 1829 1015 1888 ceteris
1038 1829 1187 1903 omnibus,
1212 1826 1263 1903 qui
1285 1845 1349 1883 um-

200 1945 290 2002 quam
323 1927 360 1986 ab
395 1925 562 1987 editoribus
591 1927 717 1987 adhibiti
746 1936 833 2005 sunt,
868 1932 976 1991 abesse
1005 1932 1166 1992 uideantur
1196 1929 1290 2002 (certe
1318 1927 1350 1986 in

199 2029 283 2089 nulla
310 2037 380 2090 ante
407 2029 585 2090 Fickertum
612 2031 743 2091 editione
771 2033 944 2111 apparent);
980 2035 1061 2110 quod
1089 2036 1116 2095 si
1138 2035 1181 2093 ita
1203 2039 1264 2107 est,
1298 2051 1348 2090 ne-

201 2132 334 2193 cessario
351 2131 507 2208 efficitur,
537 2140 590 2194 aut
612 2153 716 2194 omnes
739 2135 874 2212 codices,
906 2138 1044 2214 quamuis
1066 2139 1193 2197 multum
1214 2135 1293 2194 inter
1316 2152 1349 2193 se

201 2234 361 2312 differant,
396 2258 432 2298 ex
454 2239 476 2296 Α
501 2244 583 2297 ortos
612 2257 681 2297 esse
711 2245 764 2298 aut
791 2239 906 2300 nullum
930 2261 966 2301 ex
991 2243 1027 2316 l,
1060 2240 1115 2300 sed
1138 2257 1242 2300 omnes
1264 2257 1302 2297 cx
1321 2237 1351 2292 X

201 2338 347 2417 originem
368 2340 503 2415 trahere;
535 2361 662 2418 quorum
683 2349 823 2402 neutrum
846 2343 991 2404 credibile
1012 2343 1143 2404 uidetur.
1188 2341 1271 2418 Ergo
1292 2339 1350 2398 hoc

201 2441 343 2502 standum
370 2462 438 2504 esse
465 2451 555 2522 puto,
590 2450 624 2502 ut
652 2443 803 2520 dicamus,
837 2467 875 2506 ex
905 2447 1070 2526 archetypo
1093 2446 1239 2519 omnium,
1274 2461 1350 2519 quos

198 2547 381 2622 habeamus,
412 2545 549 2606 codicum
571 2552 693 2625 praeter
716 2547 850 2609 codicem
872 2549 1106 2610 Ambrosianum
1135 2556 1166 2610 et
1190 2553 1259 2608 ante
1284 2565 1350 2605 eum

201 2649 330 2710 alterum
352 2649 559 2728 apographum
581 2651 611 2706 X
633 2648 819 2729 descriptum
843 2671 920 2728 esse,
944 2673 980 2712 ex
1003 2673 1062 2730 quo
1084 2651 1169 2712 uelut
1190 2650 1275 2710 fonte
1298 2667 1351 2708 cae

202 2752 406 2813 correctiones
435 2751 495 2824 (uel
522 2753 639 2813 rectius
661 2772 736 2831 pars
759 2773 862 2814 earum
886 2755 1116 2828 correctionum)
1141 2753 1255 2814 codicis
1278 2751 1351 2810 Am-

201 2855 336 2916 brosiani
368 2856 532 2932 manarint,
574 2875 652 2933 quae
679 2859 712 2916 A*
735 2863 766 2917 et
787 2860 822 2917 l³
849 2857 1034 2935 debeantur,
1069 2859 1201 2934 itemque
1234 2855 1352 2916 initium

201 2959 289 3037 primi
312 2958 350 3020 de
372 2959 418 3020 ira
439 2958 526 3037 libri,
549 2957 682 3021 fortasse
705 2960 795 3021 etiam
818 2961 890 3038 alia,
914 2963 1045 3039 quaein
1066 2960 1218 3043 nonnullis
1241 2957 1351 3018 deteri-

202 3062 305 3122 oribus
328 3063 532 3142 reperiantur3
562 3083 599 3124 ex
626 3064 674 3124 his
702 3062 903 3125 deterioribus
932 3065 1008 3126 alios
1031 3085 1068 3124 ex
1089 3064 1142 3124 illo
1166 3061 1350 3144 apographo,

200 3161 276 3225 alios
299 3186 335 3226 ex
358 3165 505 3227 Aductos
529 3185 612 3242 esse,
642 3165 698 3227 sed
728 3167 865 3229 diuersas
889 3168 1001 3248 stirpes
1023 3167 1127 3227 multis
1151 3165 1249 3236 modis
1273 3163 1352 3222 inter

201 3287 234 3326 se
256 3268 366 3328 mixtas
389 3288 467 3344 esse,
495 3269 539 3330 ita
561 3276 604 3346 ut,
635 3275 717 3330 certe
738 3278 844 3330 utres
865 3290 947 3330 nunc
969 3261 1098 3345 babeat,
1127 3275 1210 3330 certo
1234 3265 1353 3327 definiri

200 3377 341 3447 nequeat,
365 3373 487 3449 quinam
510 3393 547 3432 ex
565 3375 596 3450 l,
619 3373 740 3450 quinam
762 3394 800 3434 ex
823 3373 999 3454 apographo
1022 3375 1052 3430 X
1071 3371 1221 3432 fluxerint.
1263 3370 1353 3430 Ultra

199 3473 276 3534 haec
298 3494 354 3552 ego
377 3475 499 3552 quidem
520 3476 664 3555 progredi
685 3477 846 3551 noluerim;
875 3496 974 3553 neque
1002 3496 1112 3554 operae
1134 3464 1266 3554 pretium
1288 3472 1351 3532 fac-

202 3582 303 3636 turum
326 3597 395 3638 esse
419 3578 526 3653 credo,
555 3579 582 3639 si
611 3579 679 3656 quis
705 3579 777 3638 huic
807 3579 976 3655 quaestioni
1005 3579 1130 3638 multam
1154 3596 1277 3657 operam
1298 3576 1352 3634 im-

201 3679 335 3758 pendere
367 3681 513 3758 uoluerit,
553 3688 586 3741 ut
626 3681 764 3742 codicum
798 3681 981 3742 deteriorum
1014 3682 1147 3742 rationes
1179 3679 1353 3756 inuestiget

201 3781 280 3842 Nam
302 3782 442 3862 inspecta
466 3805 501 3844 ea
524 3785 742 3864 scripturarum
765 3784 920 3862 farragine
943 3807 979 3846 ex
1001 3785 1050 3845 his
1073 3783 1229 3846 codicibus
1252 3800 1353 3859 sump-

201 3890 315 3960 turum,
350 3905 441 3962 quam
462 3887 588 3948 Fickert
611 3888 780 3966 congessit,
814 3886 905 3947 facile
926 3888 1220 3966 intellegemus,
1255 3881 1354 3960 quod

202 3987 358 4048 maxime
380 3989 587 4050 tenendum
616 3999 692 4066 est,
721 3991 865 4050 nullam
893 3990 981 4050 olim
1010 3989 1194 4051 extitisse
1222 3993 1354 4047 textus

201 4079 452 4153 traditionem
481 4095 526 4153 ab
549 4115 608 4169 ea,
642 4113 748 4170 quam
770 4094 1048 4154 Ambrosianus
1072 4092 1267 4166 exhibeat,
1301 4089 1354 4148 ita

203 4192 411 4270 diuersam,
444 4197 578 4258 nedum
605 4189 896 4272 ita'meliorem,
930 4204 971 4256 ut
998 4216 1070 4255 non
1099 4195 1180 4256 solo
1202 4193 1354 4252 Ambro-

203 4295 309 4356 sieno
332 4297 376 4356 ad
403 4305 549 4359 textum
578 4298 891 4359 constituendum
921 4298 1100 4358 contenti
1122 4316 1210 4357 esse
1231 4294 1355 4375 possi·

220 4546 250 4612 l)
274 4546 331 4602 Vix
352 4547 512 4604 uerendum
531 4553 587 4614 est,
614 4565 650 4603 ne
675 4547 740 4617 quis
766 4555 869 4604 contra
889 4547 963 4603 baec
986 4545 1115 4612 adferat,
1143 4547 1220 4616 quod
1244 4553 1307 4601 tum
1326 4544 1357 4600 in

270 4633 404 4702 pluribus
426 4631 448 4689 D
471 4640 535 4688 tum
561 4633 590 4688 in
617 4633 803 4702 paucioribus
830 4633 886 4690 hae
915 4633 1079 4701 scripturae
1106 4633 1143 4686 ab
1171 4631 1193 4687 Α
1219 4630 1354 4686 diuersae

270 4718 473 4774 inueniuntur:
493 4735 518 4787 p.
529 4719 571 4784 56,
591 4719 623 4772 ll
642 4719 801 4785 conciduat3
819 4735 846 4788 p.
863 4720 904 4786 66,
923 4718 940 4772 3
957 4725 989 4773 ut
1005 4718 1091 4774 bouus
1109 4717 1156 4770 uir
1173 4732 1230 4770 noc
1245 4715 1353 4771 irascu-
