3228 5330
309 354 374 422 294
536 379 564 418 1..
586 378 707 420 assam
728 379 865 420 annosa
887 379 1088 422 nmnoeonvrr
1109 381 1172 420 cre.
1193 381 1237 420 ιι.

274 545 339 614 2si
361 550 421 609 aut
441 542 513 609 non
533 542 700 608 successit
726 551 786 610 aut
813 565 991 608 successus
1013 540 1129 628 pudet.
1181 542 1462 608 Circumcidenda

309 653 535 735 concursatio,
569 651 679 738 qualis
713 657 766 716 est
792 673 937 736 magnae
964 651 1057 737 parti
1083 650 1259 716 hominum
1286 650 1405 718 domos
1426 661 1463 717 et

307 760 445 828 theatra
466 767 502 826 et
522 758 599 826 fora
619 760 884 846 pererrantium:
917 759 1039 825 alienis
1066 781 1104 826 se
1131 759 1282 846 negotiis
1306 760 1460 845 offerunt,

308 891 443 956 semper
460 868 589 954 aliquid
605 868 786 955 agentibus
803 867 941 934 similes.
979 867 1113 934 Horum
1129 868 1159 934 si
1176 869 1327 954 aliquem
1337 891 1461 934 exeun-

307 986 378 1045 tem
405 1001 424 1044 e
447 978 549 1044 domo
571 975 852 1064 interrogaueris:
888 997 975 1061 „quo
997 976 1059 1040 tu?
1088 983 1145 1042 out
1165 976 1250 1062 quid
1271 977 1489 1064 cogitas?“‚s

306 1084 532 1174 respondebit
563 1084 642 1151 tibi:
689 1107 780 1170 „non
817 1107 872 1150 me
911 1083 1067 1150 hercules
1105 1083 1194 1168 sci0;
1234 1085 1297 1151 sed
1329 1087 1461 1173 aliquos

272 1190 447 1274 audebo,
470 1190 602 1276 aliquid
623 1193 752 1280 agam!
804 1192 886 1258 Sine
907 1194 1084 1279 proposito
1106 1199 1277 1278 ungantur
1298 1217 1461 1278 quaeren-

306 1306 361 1366 tes
388 1300 539 1386 negotia,
573 1323 635 1367 nec
664 1323 750 1388 quoe
778 1301 1037 1368 destinauenmt
1064 1308 1180 1388 agunt,
1214 1301 1277 1366 sed
1304 1302 1342 1368 in
1375 1326 1461 1388 quae

306 1407 581 1494 incucurrerunt3
604 1409 818 1476 inconsultus
840 1409 908 1476 illis
929 1431 1106 1496 uanusque
1126 1432 1244 1476 cursus
1267 1418 1331 1496 est,
1354 1412 1461 1498 qualis

306 1516 458 1584 formicis
480 1541 543 1604 per
565 1519 705 1584 arbusta
725 1518 934 1604 repentibus,
958 1540 1045 1603 quae
1061 1518 1099 1582 in
1115 1541 1281 1582 summum
1300 1541 1463 1586 cacumen
1475 1549 1501 1584 lo

308 1631 344 1690 et
375 1624 456 1692 inde
488 1625 526 1692 in
557 1627 662 1694 imum
693 1628 813 1694 inanes
847 1633 1010 1713 aguntur:
1043 1625 1098 1691 his
1130 1625 1286 1712 plerique
1316 1627 1461 1694 similem

279 1755 286 1770 ·
306 1733 414 1800 uitam
436 1741 552 1821 agunt,
575 1757 718 1820 quorum
738 1757 810 1802 non
830 1735 991 1800 inmerito
1008 1735 1084 1820 quis
1100 1734 1289 1819 inquietam
1303 1735 1462 1802 inertiam

273 1853 291 1906 4
309 1841 441 1910 dixerit.
486 1844 709 1921 Quorundam
730 1843 829 1930 quasi
851 1843 895 1908 ed
915 1843 1110 1909 incendium
1132 1843 1341 1909 currentium
1361 1845 1461 1910 mise·
1486 1863 1489 1870 ⁴

307 1950 456 2018 rebaris:
478 1974 587 2038 usque
608 1975 650 2018 eo
672 1952 842 2039 inpellunt
864 1952 985 2018 obuios
1009 1958 1044 2016 et
1065 1974 1104 2016 se
1120 1953 1275 2037 aliosque
1293 1953 1461 2039 praeeipi-

308 2064 394 2142 tant,
428 2081 505 2124 cum
531 2059 671 2128 interim
693 2067 916 2127 cucurrerunt
939 2067 998 2126 aut
1020 2059 1200 2125 salutaturi
1221 2055 1371 2145 aliquem
1391 2083 1462 2126 non
1474 2091 1499 2126 15

306 2166 570 2236 resalutaturum
607 2177 668 2235 aut
699 2169 802 2236 fimus
834 2169 946 2254 ignoti
977 2168 1124 2234 hominis
1157 2171 1372 2255 prosecuturi
1404 2177 1462 2234 aut

309 2277 377 2356 (od)
399 2275 562 2342 iudicium
585 2300 688 2364 saepe
704 2277 872 2363 litigantis
892 2283 951 2343 aut
970 2276 1014 2343 ad
1033 2277 1205 2363 sponsalia
1216 2278 1461 2364 saepenuben·

306 2385 351 2449 tis
386 2391 421 2450 et
453 2384 610 2451 lecticam
639 2387 806 2452 adsectati
833 2386 1039 2472 quibusdam
1058 2385 1145 2451 locis
1168 2385 1273 2452 etiam
1293 2386 1460 2470 tulerunt;

308 2492 388 2558 dein
410 2492 548 2559 domum
576 2516 654 2560 cum
683 2517 894 2581 superuacua
920 2493 1099 2559 redeuntes
1127 2493 1327 2560 lassitudine
1348 2495 1462 2560 iurant

307 2601 442 2668 nescire
472 2625 509 2668 se
538 2602 642 2688 ipsos,
676 2625 780 2688 quare
803 2603 957 2688 exierint,
991 2601 1051 2667 ubi
1072 2599 1209 2685 fuerint,
1243 2608 1382 2688 postero
1406 2603 1461 2668 die
1474 2631 1498 2666 20

273 2726 291 2780 5
310 2710 454 2776 erraturi
475 2732 544 2799 par¹
559 2709 680 2776 eadem
695 2711 755 2776 illa
771 2711 927 2797 uestigia.
962 2710 1080 2778 Omnis
1097 2710 1214 2796 itaque
1232 2710 1330 2776 labor
1346 2710 1461 2795 aliquo

306 2816 489 2902 referatur,
523 2817 636 2903 aliquo
670 2819 847 2906 respiciat;
883 2820 963 2901 (lios)
996 2841 1068 2884 non
1102 2818 1271 2884 industria
1298 2818 1459 2903 inquieto,

308 2930 361 2990 set
394 2925 454 3005 (ut)
487 2925 626 2992 insanos
653 2925 766 2994 falsae·
791 2948 905 2992 rerum
931 2927 1099 3012 imagines
1128 2927 1275 3012 agitant;
1308 2949 1389 2992 nam
1416 2949 1460 2992 ne

306 3032 358 3096 illi
390 3031 528 3117 quidem
560 3031 632 3098 sine
667 3035 781 3120 aliqua
814 3058 875 3122 spe
897 3041 1092 3120 mouentur,
1125 3035 1271 3121 proritat
1299 3034 1377 3101 illos
1400 3034 1459 3100 ali·

308 3139 403 3205 cuius
419 3141 471 3205 rei
487 3141 628 3227 species,
653 3143 747 3209 cuius
764 3144 950 3208 uanitatem
967 3150 1069 3229 capta
1085 3165 1182 3208 mens
1200 3165 1270 3209 non
1288 3143 1457 3228 coarguit:
1474 3171 1498 3206 a

309 3248 431 3314 eodem
451 3248 554 3314 modo
576 3272 852 3337 unumquemque
875 3275 918 3316 ex
939 3249 1002 3335 his,
1027 3251 1085 3336 qui
1108 3251 1153 3316 ad
1174 3249 1368 3336 augendam
1388 3257 1459 3315 tur-

305 3643 323 3696 5
349 3661 365 3698 e
384 3643 468 3698 domo
486 3642 521 3710 A3
549 3643 635 3700 domo
653 3644 790 3698 Muretus.
896 3661 952 3712 quo
971 3645 1023 3698 tu?
1041 3649 1093 3699 aut
1110 3644 1212 3711 scripsi
1229 3644 1299 3712 (quo
1317 3643 1371 3698 tu?
1389 3647 1458 3712 uun

307 3733 399 3798 quotu
415 3727 463 3794 A¹;
489 3731 520 3781 in
542 3745 595 3797 my.
613 3729 660 3784 A³z
688 3728 752 3794 Quo
774 3735 839 3784 tum
883 3805 885 3808 Ι
943 3731 959 3784 7
986 3734 1141 3799 querentes
1162 3729 1192 3795 A,
1220 3745 1288 3782 corr.
1312 3744 1357 3796 cy.

306 3813 325 3866 8
341 3831 396 3868 nec
414 3830 489 3882 quae
506 3830 565 3882 ¹⁴94
583 3815 663 3882 nelq;
682 3812 704 3870 A
806 3815 823 3869 9
841 3814 1066 3870 incucurrerunt
1083 3813 1119 3882 A;
1142 3813 1330 3869 incurrerunt
1348 3830 1391 3880 ap.

734 3930 736 3936 .
1357 3910 1378 3936 m

309 3950 341 4004 11
367 3950 393 4004 d
411 3949 478 4005 inde
496 3950 530 4015 A;
554 3949 659 4006 deinde
676 3966 721 4019 up.
826 3952 861 4006 12
886 3950 1022 4006 inertiam
1040 3968 1097 4020 o9.;
1123 3951 1254 4022 ineptam
1270 3949 1312 4016 A¹‚
1331 3948 1459 4022 ineptam

306 4034 341 4091 A2
359 4042 410 4088 aot
425 4039 489 4100 tert.
503 4051 538 4088 vn
552 4038 693 4090 recentior.
764 4035 797 4090 13
813 4035 999 4091 misereberis
1009 4036 1045 4105 A;
1063 4036 1212 4092 misereris
1226 4037 1347 4102 primum
1367 4033 1458 4088 inueni

306 4119 338 4174 in
361 4121 401 4173 ed.
420 4121 538 4174 Elseair.
558 4121 633 4186 1673,
661 4123 733 4174 unde
755 4121 785 4175 in
808 4137 901 4176 omnes
924 4123 981 4176 edd.
1007 4138 1063 4190 sqq.
1086 4130 1195 4190 praeter
1215 4121 1458 4176 Taucheitzianam

308 4204 428 4259 tandit.
525 4205 556 4259 17
575 4205 613 4260 ad
630 4207 692 4260 add.
710 4221 783 4261 unus
801 4204 822 4262 D
842 4215 869 4260 et
884 4205 1009 4275 Lipsius.
1103 4207 1135 4261 19
1154 4206 1222 4262 dein
1238 4204 1273 4272 A;
1293 4204 1398 4261 deinde
1415 4220 1457 4272 up.

409 4289 558 4345 redeuntis
577 4289 606 4357 A,
633 4308 701 4346 corr.
719 4307 763 4358 up.
866 4293 900 4346 20
926 4291 1041 4346 nescire
1063 4309 1094 4346 se
1117 4290 1198 4360 ipsos
1216 4289 1361 4345 Nclrtorn
1384 4289 1460 4357 oprrd

1304 4387 1312 4414 l

309 4426 497 4494 Madcipimm
523 4426 679 4483 nescisse
703 4446 735 4484 se
759 4426 838 4498 ipsos
865 4427 887 4485 A
913 4429 1003 4496 (mat
1018 4428 1106 4488 Koctt
1219 4428 1352 4494 exierant
1377 4427 1458 4492 (corr.

308 4528 333 4565 m
359 4511 430 4574 aii
524 4511 576 4566 ubi
593 4513 623 4566 in
639 4513 739 4570 ΜΔ*
756 4513 793 4580 (5³)
883 4515 919 4568 22
935 4513 990 4567 hos
1008 4513 1115 4568 addidi.
1205 4512 1344 4582 inquieta,
1363 4517 1410 4567 set
1426 4517 1459 4564 ut

307 4596 426 4652 insanos
443 4597 544 4664 carpsi
562 4598 623 4663 (cfr.
644 4596 721 4654 dcccl.
740 4597 800 4652 aar.
818 4600 835 4653 l.
854 4598 897 4666 l.);
916 4599 1039 4668 inqetos.
1059 4598 1084 4652 dr
1102 4598 1230 4653 insanos.
1248 4597 1271 4655 A
1336 4599 1371 4652 24
1388 4597 1458 4650 Pro-

307 4681 380 4736 ritat
396 4685 427 4736 in
443 4698 495 4750 my.
513 4682 598 4737 iterat
614 4683 648 4738 Α3
751 4685 785 4738 25
803 4683 967 4739 uanitatem
985 4701 1041 4752 neq
1060 4683 1192 4739 uanitate
1209 4681 1231 4739 A
