3204 5342
286 360 351 426 408
507 386 534 426 n.
559 385 677 426 suram
698 384 835 426 sunnone
856 384 1055 428 nrnnoeouvu
1076 388 1138 428 nm.
1160 388 1216 427 xn.

285 551 404 618 iustius
427 551 471 616 sit
492 555 527 617 te
549 549 598 616 illi
620 549 749 618 seruari
771 571 873 636 quarn
894 549 977 616 mihi
997 551 1159 637 impendi.
1208 551 1373 630 Quotiens
1397 557 1436 616 te

285 661 454 727 inmodica
481 661 535 726 uis
558 659 683 726 doloris
705 659 869 726 inuaserit
892 667 926 725 et
948 663 1043 748 sequi
1066 686 1103 728 se
1124 661 1266 746 iubebit,
1300 667 1437 748 patrem

285 770 414 857 cogita!
449 771 504 836 cui
530 776 569 835 tu
597 770 734 856 quidem
761 775 815 834 tot
841 776 984 856 nepotes
1014 779 1289 859 pronepotesque
1317 770 1434 837 dando

285 879 436 964 effecisti,
459 902 504 944 ne
526 879 628 944 unica
650 901 757 945 esses:
792 881 1033 947 consummatio
1058 887 1170 948 tamen
1193 881 1311 948 aetatis
1335 885 1435 945 actae

282 987 429 1054 feliciter
455 988 491 1052 in
519 993 554 1053 te
576 988 727 1055 uertitur.
772 987 837 1055 Illo
860 990 940 1055 uiuo
962 988 1059 1057 netas
1084 1005 1135 1058 est
1156 998 1200 1076 te,
1225 989 1317 1076 quod
1338 989 1462 1058 uine-e

281 1097 338 1182 ris,
362 1097 466 1183 queri.

251 1222 266 1275 1
369 1204 469 1272 XIX.
514 1205 698 1272 Maximum
731 1205 839 1272 adhuc
869 1208 1032 1274 solacium
1059 1213 1154 1274 tuum
1176 1213 1284 1292 taceo,
1317 1213 1435 1273 muter-

286 1323 401 1400 teram,
440 1337 589 1382 sororem
622 1322 726 1399 tuam,
758 1315 843 1381 illud
875 1315 1109 1382 fidelissimum
1140 1317 1204 1382 tibi
1235 1323 1363 1402 pectus,
1395 1315 1437 1380 in

205 1413 214 1434 ⁸
286 1425 378 1512 quod
408 1447 524 1492 omnes
555 1447 656 1491 curae
683 1431 763 1490 tuae
791 1447 852 1511 pro
875 1425 1022 1491 indiuiso
1045 1425 1303 1510 transfemntm,
1336 1423 1438 1489 illum

286 1535 434 1601 animum
463 1534 618 1600 omnibus
647 1534 748 1600 nobis
770 1539 969 1600 maternum.
1025 1532 1110 1599 Cum
1130 1533 1196 1600 hac
1216 1539 1255 1598 tu
1275 1532 1436 1600 lacrimas
1451 1567 1475 1602 ιο

251 1651 362 1716 atuas
384 1643 556 1726 miscuisti,
589 1644 625 1708 in
645 1641 746 1709 huius
768 1641 915 1731 primum
935 1642 1111 1729 respirasti
1133 1642 1218 1709 sinu.
1273 1642 1337 1708 illa
1359 1643 1436 1727 qui-

287 1753 365 1817 dem
386 1750 541 1817 adfectus
563 1756 641 1816 tuos
665 1773 798 1838 semper
820 1752 986 1838 sequitur;
1010 1751 1046 1818 in
1062 1773 1139 1818 mea
1155 1758 1271 1818 tamen
1286 1772 1438 1837 persona

286 1884 356 1926 non
382 1865 516 1926 tantum
544 1881 605 1946 pro
634 1865 669 1926 te
697 1859 802 1927 dolet.
857 1861 953 1928 illius
981 1861 1138 1926 manibus
1160 1861 1196 1925 in
1216 1861 1335 1926 urbem
1355 1881 1435 1944 per-

286 1970 376 2036 latus
416 1990 504 2052 sum3
549 1967 637 2033 illius
675 1968 734 2056 pio
766 1976 988 2057 maternoque
1020 1969 1166 2035 nutricio
1199 1991 1261 2056 per
1292 1967 1436 2053 longum

287 2086 433 2165 tempus·
457 2099 559 2163 aeger
591 2077 765 2162 conualui;
799 2078 859 2145 illa
885 2100 946 2166 pro
977 2085 1160 2164 quaestura
1187 2100 1264 2143 mea
1290 2075 1437 2162 gratiam
1451 2113 1476 2149 1⁶

288 2210 383 2253 suam
419 2185 580 2271 extendit,
616 2193 658 2272 et,
693 2208 781 2273 quae
808 2208 853 2252 ne
882 2187 1047 2254 sermonis
1078 2187 1216 2273 quidem
1245 2191 1302 2251 aut
1324 2185 1437 2251 clarae

288 2296 501 2362 salutationis
531 2295 692 2362 sustinuit
721 2293 903 2380 andenam,
935 2318 998 2382 pro
1028 2318 1083 2362 rne
1112 2296 1195 2361 uicit
1221 2293 1437 2379 indulgentia

288 2404 544 2471 uerecundiam:
577 2403 662 2470 nihil
690 2403 740 2468 illi
769 2403 947 2470 seductum
979 2405 1072 2471 uitae
1105 2427 1224 2492 genus,
1256 2401 1341 2468 nihil
1363 2424 1436 2467 mo·

289 2514 399 2580 destia
425 2514 462 2579 in
489 2519 587 2579 tanta
612 2511 814 2579 feminarum
840 2515 1032 2600 petulantia
1052 2514 1189 2598 rustica,
1221 2511 1307 2578 nihil
1329 2511 1436 2597 quies,

287 2622 372 2688 nihil
399 2623 521 2689 secreti
550 2629 585 2687 et
612 2622 656 2689 ad
685 2622 791 2688 otium
817 2622 958 2709 repositi
984 2644 1096 2689 mores
1120 2623 1333 2706 obstiterunt,
1369 2643 1435 2706 quo
1451 2659 1475 2696 20

253 2733 398 2816 gminus
430 2754 492 2819 pro
525 2753 580 2796 me
614 2732 716 2796 etiarn
750 2730 929 2798 ambitiosa
961 2731 1068 2798 fieret.
1123 2733 1200 2798 Hoc
1234 2736 1294 2811 est,
1327 2735 1437 2796 mater

290 2840 470 2925 carissima,
501 2840 671 2924 solacium,
700 2861 767 2924 quo
789 2839 967 2906 reficiaris:
1000 2840 1050 2905 illi
1070 2847 1117 2925 te,
1141 2846 1305 2926 quantum
1326 2845 1437 2925 potes,

287 2950 400 3036 iunge,
422 2948 512 3014 illius
535 2948 709 3014 artissimis
727 2948 937 3034 amplexibus
954 2948 1065 3034 alliga.
1111 2949 1229 3015 Solent
1244 2954 1437 3014 maerentes

290 3081 337 3142 ea,
370 3080 457 3143 quae
479 3058 623 3123 maxime
646 3058 801 3144 diligunt,
829 3055 949 3143 fugere
972 3063 1008 3123 et
1027 3056 1220 3124 libertatem
1243 3056 1352 3124 dolori
1375 3079 1437 3122 sno

290 3293 517 3304 ...a-...—

288 3447 306 3500 4
332 3443 513 3500 consumatio
532 3443 561 3510 A
588 3459 658 3498 corr.
680 3460 724 3511 cy.
845 3444 862 3498 6
889 3442 972 3514 queri
989 3441 1020 3507 A,
1047 3458 1113 3498 corr.
1136 3459 1180 3510 uo.
1301 3443 1317 3496 7
1343 3448 1437 3508 taceo,

289 3535 477 3587 materteram
503 3529 614 3597 scripsi3
641 3534 725 3583 taceo
752 3533 803 3584 era
829 3528 874 3594 A¹;
900 3530 930 3582 in
957 3545 1007 3597 my.
1034 3528 1068 3586 A⁶
1094 3529 1258 3596 adscripsit:
1284 3528 1340 3583 (tra
1367 3527 1439 3596 (sim

289 3617 372 3671 dubio
389 3616 423 3680 is,
442 3617 489 3684 qui
505 3615 554 3668 toc
570 3614 691 3683 scripsit,
709 3630 806 3669 nomen
820 3613 965 3682 propr-irco
982 3630 1041 3668 esse
1058 3612 1200 3680 credidit);
1218 3620 1368 3668 tacueram
1385 3630 1438 3682 uo,

289 3701 381 3756 mscio
398 3718 435 3754 an
453 3717 487 3754 ea
502 3715 584 3753 mun.
600 3696 630 3761 Ι),
645 3715 738 3767 prauo
756 3707 872 3768 tempore
889 3699 967 3753 uerbi
984 3716 1018 3754 oc
1035 3701 1105 3753 uitio
1123 3698 1278 3766 scapnam
1295 3701 1438 3764 concitato,

289 3803 342 3841 non
361 3791 469 3841 aonam.
520 3784 539 3838 8
555 3784 622 3840 illut
636 3785 677 3845 ΔΙ,
695 3784 807 3842 corr.A²
857 3787 874 3839 9
891 3785 923 3838 in
940 3800 992 3852 my.
1007 3785 1040 3840 A¹
1052 3783 1102 3852 (ὃς
1122 3785 1179 3839 Pro
1197 3783 1324 3840 indiuiso
1342 3783 1438 3850 datur,

290 3873 328 3943 qd
347 3871 389 3927 sic
407 3870 498 3926 inaliu
516 3869 701 3936 transfertur,
719 3875 753 3925 ut
770 3869 828 3925 osb’
845 3870 898 3926 fiat
915 3869 1021 3940 partib‘
1041 3874 1171 3926 comune.
1233 3872 1265 3924 10
1283 3870 1373 3925 hactu
1390 3869 1438 3937 A¹;

289 3958 398 4026 hccfftu
415 3955 449 4013 Αὅ
511 3957 544 4009 11
561 3956 729 4025 respirastis
746 3955 851 4012 innilla
867 3957 910 4023 A¹‚
929 3957 1001 4011 ande
1018 3957 1128 4025 unctus
1146 3958 1344 4010 abmmoenmt
1359 3957 1441 4010 muln

290 4041 326 4111 1);
353 4041 669 4112 respirastiffstnmtlla
686 4040 728 4108 Al,
755 4047 787 4096 ut
797 4043 908 4109 pamas
925 4041 1049 4098 ediderat
1066 4042 1208 4109 limetur,-
1232 4040 1438 4109 postillam.

289 4131 320 4184 in
336 4129 384 4192 fin.
402 4145 473 4182 uera.
579 4128 611 4181 la
628 4125 756 4193 affectus
773 4125 807 4183 A⁵
910 4127 943 4181 14
960 4133 1145 4197 maternoq3*
1171 4126 1252 4194 (cros.
1270 4124 1318 4194 ue)
1336 4126 1370 4183 A⁸

292 4231 324 4286 15
347 4237 510 4299 pquestura
527 4247 593 4286 mea
611 4217 693 4298 grani
709 4228 732 4285 A
802 4230 834 4284 16
852 4229 930 4284 clare
948 4229 969 4285 A
1022 4230 1054 4283 17
1072 4228 1193 4296 audatia
1210 4229 1232 4286 A
1250 4229 1327 4298 (tace
1344 4233 1439 4284 munic

290 4333 358 4372 corr.
378 4314 433 4384 ny.)
538 4315 570 4370 19
595 4314 626 4370 in
649 4319 734 4370 tanta
750 4313 784 4382 A;
810 4319 845 4369 ut
867 4314 897 4370 in
919 4319 1003 4370 tanta
1020 4316 1118 4370 Haase
1135 4333 1170 4370 ac
1187 4332 1243 4370 uno
1261 4312 1292 4380 Ι),
1319 4332 1370 4384 qao
1388 4314 1438 4370 uix

724 4415 729 4426 ·
1263 4411 1276 4438 c

291 4467 360 4522 opus
382 4458 428 4506 est.
532 4455 566 4508 20
592 4452 699 4508 secreti
716 4451 749 4508 A⁵
775 4450 797 4517 (i
819 4453 850 4506 in
866 4469 921 4506 ms.
936 4454 1024 4520 paulo
1040 4452 1158 4519 maiore)
1260 4469 1279 4521 q
1301 4451 1397 4508 minus
1415 4451 1437 4508 A

291 4539 333 4607 (ut
357 4555 413 4606 quo
437 4554 517 4606 saepe
539 4540 570 4592 in
595 4539 646 4593 too
671 4539 781 4606 dialem
807 4538 892 4592 aaa
917 4541 990 4606 solet
1017 4555 1072 4594 nou
1098 4546 1189 4594 tamen
1214 4554 1334 4606 snspen-
1359 4540 1437 4605 falsu
1490 4548 1493 4555 '

291 4625 376 4689 refert
393 4616 491 4690 Koria).
573 4625 608 4679 22
625 4623 823 4694 quoreficiuris
840 4622 888 4692 A¹;
906 4624 1122 4694 quoaeficiaris
1139 4623 1173 4681 A‘
1240 4623 1276 4680 23
1292 4629 1436 4680 merentes

290 4709 326 4776 A;
345 4713 509 4766 moerentes
526 4725 570 4778 up.
