3144 5344
211 313 294 376 VH]

211 503 340 564 Paulum
360 504 499 583 epistula,
522 513 553 564 et
573 505 648 564 haec
670 504 791 580 quidem
814 505 912 566 omnia
928 524 1035 565 manus
1051 523 1168 582 recens,
1184 511 1220 565 ut
1235 503 1356 565 uidetur

211 627 291 670 saec.
314 607 393 669 XIV
415 613 467 667 aut
488 607 559 684 XV,
595 609 627 667 in
648 608 768 687 pagina,
784 689 787 698 Ι
802 628 892 684 quam
913 627 1021 668 manus
1042 608 1140 687 prima
1160 628 1287 670 uacuam
1308 628 1355 668 re·

211 712 349 789 liquerat,
382 711 513 790 scripsit.
569 711 770 788 Sequentibus
799 718 941 788 quattuor
967 712 1086 791 paginis
1113 711 1247 788 rehquae
1269 712 1356 772 Pauli

212 819 243 874 et
270 813 402 874 Senecae
432 814 580 894 epistulae
608 823 639 874 et
667 814 852 893 epitaphium
879 815 1012 875 Senecae
1041 815 1246 890 continentur;
1280 815 1356 874 haec

210 937 300 976 manu
322 917 418 997 prima
440 915 496 987 (ΑΙ)
519 917 634 996 scripta
655 924 736 992 sunt,
758 917 818 978 nisi
840 918 921 994 quod
944 917 1105 997 epistulam
1125 917 1194 978 XII
1216 915 1295 994 (Aue
1316 920 1358 977 mi

206 1020 301 1080 Paule
323 1023 478 1082 mrissimc.
522 1021 654 1082 Putasne
676 1015 752 1095 dc),
783 1041 873 1096 quam
895 1039 1001 1080 manus
1023 1020 1121 1099 prima
1143 1021 1294 1095 omiserat,
1318 1041 1354 1080 ca

208 1143 324 1198 manus,
358 1144 449 1200 quam
476 1125 512 1182 l·
538 1123 661 1200 uocaui,
694 1123 726 1184 in
758 1122 831 1183 folio
864 1125 906 1183 88
939 1129 1021 1183 recto
1054 1122 1135 1184 infra
1167 1123 1355 1203 epitaphium

208 1225 341 1287 Senecae
363 1227 486 1302 adiecit;
509 1227 585 1288 haec
607 1226 712 1287 eadem
735 1246 841 1286 manus
864 1221 922 1302 (hl)
945 1227 1148 1288 correctiones
1160 1231 1191 1288 et
1205 1233 1293 1286 notas
1304 1226 1355 1286 uel

207 1331 239 1389 in
271 1330 406 1409 margine
439 1331 490 1391 uel
521 1330 552 1390 in
579 1329 646 1408 ipso
679 1336 765 1390 textu
791 1331 922 1391 omnium
950 1329 1148 1410 epistularum
1176 1329 1352 1409 adscripsit,

207 1453 315 1520 parum
336 1432 429 1510 igitur
450 1454 523 1495 uera
545 1441 625 1508 eunt,
649 1453 726 1509 quae
749 1432 782 1493 O.
799 1433 1004 1494 Wachsmuth
1024 1434 1057 1494 in
1078 1434 1184 1496 Museo
1207 1432 1354 1493 Rhenano

211 1535 289 1594 1861
326 1555 453 1614 eumque
486 1542 609 1598 secutis
636 1538 674 1598 E.
697 1536 901 1614 Westerburg
933 1535 971 1597 de
1004 1536 1108 1599 codice
1134 1535 1356 1596 Mediolanensi

208 1638 315 1698 harum
348 1639 544 1717 epistularum
576 1639 773 1718 scripseramt.
828 1639 992 1719 Epitaphio
1020 1639 1154 1702 Senecae
1185 1639 1216 1698 in
1249 1637 1355 1698 eadem

208 1741 321 1820 pagina
348 1763 439 1802 manu
468 1743 527 1804 alia
555 1743 697 1803 adiuncta
725 1749 773 1803 est
800 1743 890 1803 huius
918 1743 1059 1804 carminis
1087 1743 1186 1804 uersio
1215 1741 1354 1802 Italiana.

101 1877 106 1886 ·
209 1845 348 1922 Denique
368 1846 401 1905 in
421 1844 487 1906 folii
509 1849 550 1906 88
572 1847 683 1927 pagina
705 1846 840 1906 secunda
860 1846 1006 1908 habemus
1028 1845 1188 1910 formulam
1208 1846 1356 1924 magicam

211 1943 260 2009 ‘od
283 1949 446 2010 curandam
471 1948 588 2011 febrem
611 1950 801 2026 cotidianam,
835 1951 996 2012 tertianam
1016 1950 1067 2011 uel
1089 1950 1286 2026 quartanam’,
1320 1969 1356 2009 ac

211 2051 321 2113 deinde
353 2072 473 2112 carmen
506 2053 628 2130 longum
662 2052 700 2114 de
733 2052 920 2130 quorundam
952 2053 1087 2133 lapidum
1118 2059 1240 2127 natura3
1281 2052 1356 2112 haec

212 2155 310 2216 omnia
331 2175 421 2215 manu
442 2155 652 2216 recentissima
673 2156 788 2235 scripta
810 2162 890 2216 sunt.

296 2258 373 2336 Ego,
414 2258 495 2335 quod
528 2255 602 2318 usus
634 2259 695 2319 mei
725 2260 802 2320 ratio
834 2260 1019 2339 postulabat,
1053 2278 1119 2320 eam
1150 2255 1356 2318 tantummodo

212 2361 326 2421 codicis
347 2361 540 2422 Ambrosicni
561 2369 688 2441 partem,
723 2384 800 2439 quae
823 2362 960 2441 dialogos
982 2363 1116 2423 Senecae
1138 2360 1357 2440 complectitur,

213 2463 316 2524 dedita
353 2485 445 2544 opera
482 2465 666 2544 perlustraui
703 2467 931 2546 scripturasque
969 2468 1006 2526 ab
1041 2465 1172 2526 editione
1203 2463 1359 2524 Haasiana

213 2567 419 2647 discrepantes
442 2567 473 2627 in
494 2567 542 2629 his
564 2569 649 2629 libris
672 2571 817 2645 enotaui;‚
830 2570 860 2630 in
883 2590 942 2647 quo
964 2569 1021 2630 hoc
1042 2569 1171 2630 maxime
1193 2565 1358 2628 curandum

214 2677 289 2746 erat,
322 2677 356 2729 ut
385 2669 574 2732 diuersarum
602 2693 753 2750 manuum,
787 2693 864 2750 quae
891 2673 923 2733 in
950 2672 1054 2732 codice
1081 2671 1212 2749 uestigia
1233 2689 1290 2730 sua
1310 2689 1357 2729 re-

213 2774 375 2850 liquenmt,
409 2773 577 2852 scripturae
605 2775 765 2854 diligenter
791 2775 871 2836 inter
892 2795 926 2837 se
948 2775 1215 2854 distinguerentur.
1269 2772 1359 2832 Hanc

215 2876 261 2936 sui
289 2875 421 2936 muneris
450 2883 567 2955 partem
595 2897 669 2938 sane
697 2877 905 2938 difficillimam
931 2879 1004 2939 Itali
1025 2877 1160 2940 Fickerti
1188 2863 1359 2938 conlatores

214 2998 275 3038 non
301 2980 379 3040 bene
408 2987 578 3056 gesserunt,
612 2981 640 3040 si
666 2982 787 3058 quidem
808 2981 971 3044 Fickertus
999 3002 1044 3058 ea,
1079 3001 1156 3059 quae
1183 2979 1228 3040 illi
1249 2973 1281 3040 in
1301 2978 1359 3038 hoc

213 3103 324 3160 genere
351 3088 523 3160 enotarant,
558 3082 687 3174 fideliter
713 3084 745 3145 in
772 3067 1018 3146 commentarium
1046 3104 1134 3147 suum
1161 3083 1287 3158 rettulit,
1322 3081 1361 3142 de

213 3207 273 3263 quo
295 3193 395 3246 tamen
416 3186 569 3250 interdum
591 3187 723 3248 dubitari
744 3193 860 3266 potest3
897 3188 1065 3264 uideantur,
1088 3207 1166 3265 quae
1188 3187 1226 3248 de
1247 3187 1305 3248 hac
1326 3206 1361 3246 re

215 3288 301 3349 Stud.
314 3289 380 3349 crit.
397 3311 428 3368 p.
443 3291 482 3348 12
500 3308 566 3366 sqq.
586 3289 749 3369 disputaui.
793 3291 870 3352 Rem
892 3291 986 3352 multo
1009 3273 1116 3352 melius
1138 3289 1361 3350 administrauit

214 3393 361 3469 Kochius,
390 3393 442 3469 qui
463 3392 494 3452 in
516 3392 705 3472 praefatione
727 3393 867 3454 editionis
891 3414 964 3456 suae
986 3393 1025 3454 de
1047 3394 1085 3454 iis
1108 3400 1190 3454 certe
1212 3392 1360 3467 manibus,

215 3515 341 3572 quarum
363 3515 455 3574 opera
475 3496 604 3557 maxime
626 3497 893 3558 animaduertenda
915 3502 989 3572 erat,
1017 3496 1096 3557 inter
1118 3516 1152 3558 se
1173 3496 1360 3573 distinguen-

215 3597 263 3658 dis
293 3605 324 3659 et
353 3598 390 3658 de
421 3619 471 3675 eo,
506 3599 578 3676 quid
608 3620 807 3677 unaquaeque
837 3591 940 3670 aarum
969 3600 1093 3678 egisset,
1125 3599 1158 3660 in
1186 3599 1361 3659 uniuersum

201 3707 298 3780 ,recte
331 3702 485 3781 exposuit3
520 3702 575 3764 scd
607 3705 658 3764 uel
689 3703 739 3764 hic
767 3704 798 3764 in
827 3703 972 3783 exemplis
1002 3702 1175 3765 adferendis
1203 3721 1265 3762 non
1292 3720 1361 3761 raro

216 3805 329 3865 errauit
356 3824 462 3882 eaque,
495 3825 572 3882 quae
600 3805 731 3868 diuersis
758 3808 896 3868 manibus
925 3807 1084 3884 debentur,
1118 3806 1157 3868 ad
1183 3825 1274 3866 unam
1301 3810 1361 3864 ret-

215 3907 296 3983 tulit,
330 3914 361 3968 et
389 3907 421 3967 in
443 3909 657 3970 commentario
680 3910 784 3970 critico
806 3910 901 3970 multo
923 3910 1011 3989 plura
1033 3909 1071 3970 de
1092 3909 1198 3970 harum
1220 3927 1362 3967 manuum

216 4011 247 4070 in
270 4011 428 4089 scripturis
451 4012 670 4074 constituendis
693 3990 785 4092 opera
807 4013 867 4073 dici
889 4021 920 4073 et
940 4019 1104 4092 potuerunt
1126 4019 1157 4073 et
1178 4011 1360 4084 debuerunt3

217 4133 273 4173 nec
302 4134 401 4193 pauca
423 4136 459 4176 ex
481 4115 529 4192 iis,
563 4136 640 4193 quae
663 4115 748 4193 dixit,
782 4116 968 4176 correctione
990 4123 1088 4194 egent.
1143 4116 1211 4193 Ego
1233 4131 1361 4192 quoque,

218 4237 296 4293 quac
318 4226 366 4278 est
386 4217 475 4279 huius
497 4219 542 4280 rei
563 4218 738 4308 difficultas,
768 4219 799 4280 in
821 4206 959 4280 manibus
982 4217 1203 4298 distinguendis
1225 4215 1362 4295 pluribus

217 4320 293 4380 locis
320 4339 369 4380 me
395 4320 565 4383 haesitasse
592 4321 700 4399 fateor,
734 4329 765 4385 et
791 4321 856 4383 fieri
884 4342 985 4402 posse,
1018 4328 1053 4382 ut
1072 4323 1123 4384 hio
1144 4321 1206 4382 illic
1228 4319 1362 4393 errarim,

218 4423 309 4485 facile
331 4423 479 4500 concedo;
513 4415 605 4485 nihilo
634 4425 733 4486 minus
755 4446 792 4486 ex
814 4446 880 4486 meo
903 4426 1116 4486 commentario
1138 4425 1229 4502 longe
1250 4421 1362 4502 plenio-

219 4547 282 4588 rem
305 4535 336 4590 et
358 4528 539 4590 exactiorem
561 4529 674 4588 codicis
695 4529 842 4602 notitiam,
866 4528 947 4606 quod
968 4527 1007 4588 ad
1029 4527 1107 4587 hanc
1123 4547 1186 4588 rem
1203 4524 1362 4607 pertineat,

158 4713 160 4722 ,
220 4631 349 4691 lectores
376 4650 445 4692 esse
473 4638 650 4710 accepturos
679 4631 824 4691 audacter
845 4630 980 4712 profiteri
1001 4649 1134 4709 possum.
1189 4628 1364 4690 Proximum

219 4734 312 4812 igitur
333 4739 391 4811 est,
412 4739 448 4793 ut
469 4733 507 4794 de
529 4732 659 4794 diuersis
680 4733 819 4794 manibus
841 4732 1002 4812 disputem.
