3228 5330
429 1487 433 1494 .
529 1427 561 1498 L.
585 1425 747 1498 ΑΝΝΑΕΙ
769 1411 951 1498 SENECAE

221 1553 225 1560 ’
313 1585 786 1670 Drsnoeoevn
832 1585 1040 1668 nmen
1086 1587 1168 1668 xr.

601 1788 655 1843 Ar>
673 1786 876 1860 pomerum

585 1910 625 1964 os
644 1905 898 1964 consonatione.

250 2200 276 2264 Ι.
323 2200 397 2284 [20]
423 2199 481 2237 *³⁶*
503 2208 641 2266 nostrae
666 2224 851 2287 compares,
881 2201 977 2266 firma
999 2207 1093 2283 sunt;
1128 2200 1157 2264 si
1178 2200 1348 2286 redigasl

165 2309 210 2376 ad
232 2309 468 2374 condicionem
489 2317 631 2375 naturae
656 2312 768 2376 omnia
791 2309 996 2376 destruentis
1019 2316 1062 2393 et,
1087 2307 1177 2374 unde
1196 2307 1313 2391 edidit,

167 2417 286 2482 eodem
318 2419 527 2503 reuocantis,
562 2419 692 2484 caduca
725 2427 812 2484 sunt.
879 2418 969 2496 Quid
1003 2417 1092 2482 enim
1124 2416 1313 2482 immortale

86 2599 90 2606 ,
164 2548 284 2592 manus
312 2527 473 2592 mortales
501 2526 681 2594 feeerrmt?
715 2536 847 2614 septem
872 2527 928 2592 illa
953 2525 1117 2592 miracula
1140 2532 1174 2589 et
1197 2526 1224 2589 si
1248 2547 1315 2611 qua

251 2765 271 2823 Β
290 2787 321 2812 =
340 2767 423 2821 coclea
437 2767 627 2824 Berolinensis
642 2770 682 2824 M.
695 2769 760 2824 Lat.
778 2769 838 2823 Fol.
848 2770 883 2823 47
901 2782 969 2823 saec.
985 2766 1069 2832 XIV,
1088 2781 1164 2834 qum
1180 2765 1212 2818 in
1228 2779 1315 2818 mmm

165 2868 244 2907 mum
269 2853 383 2908 contulit
410 2853 525 2909 Carolus
542 2855 632 2923 Hude,
659 2855 811 2924 discipulus
831 2871 905 2909 cneus
923 2861 949 2908 ct
966 2854 1077 2907 amicus.
1096 2881 1130 2888 -
1148 2847 1192 2907 DE
1210 2869 1243 2896 =
1261 2848 1315 2905 dno

166 2939 270 2994 codices
293 2937 513 2994 Mediolanenses
539 2957 608 2996 saec.
631 2941 716 3005 XIV,
743 2957 857 3010 acorum
882 2942 1044 3007 scripturas,
1073 2953 1140 3006 quas
1168 2936 1256 3001 attuli,
1283 2951 1316 2989 erc

166 3022 266 3077 Koctii
292 3024 409 3078 editione
435 3029 554 3096 moroan
582 3028 639 3081 uid.
663 3027 722 3081 eius
745 3026 868 3094 praefat.
890 3041 919 3092 p.-
941 3023 1083 3078 XXXIV.
1105 3051 1138 3060 —
1163 3019 1181 3079 F
1200 3043 1234 3069 =
1256 3021 1315 3077 cod.

167 3108 347 3175 Placentinus
374 3109 591 3170 (Laurentianus
614 3115 654 3179 76,
678 3115 720 3180 41,
747 3113 803 3166 uid.
822 3127 908 3180 snpra
932 3113 961 3164 in
979 3111 1080 3164 consol.
1098 3110 1137 3164 ad
1155 3108 1316 3176 Marciam),

166 3210 243 3261 quern
268 3195 300 3248 in
323 3195 423 3261 primis
445 3203 551 3251 tanmrn
572 3197 677 3252 dnobus
700 3198 781 3252 huius
804 3197 868 3252 latri
891 3195 1027 3263 capitibus
1045 3195 1155 3261 contuli,
1183 3211 1243 3248 curn
1259 3208 1316 3247 non

104 3333 107 3338 .
166 3281 260 3347 maoni
279 3281 365 3347 metii
383 3297 441 3336 csse
458 3283 553 3336 statim
570 3291 722 3350 appareret.
740 3313 774 3320 —
793 3281 815 3339 H
834 3303 866 3328 z
884 3281 969 3336 codeac
987 3279 1161 3334 Hautiensis
1178 3296 1259 3344 saec,
1287 3286 1319 3332 ut

166 3365 283 3431 uidetur,
302 3364 360 3420 XV
377 3367 433 3434 (ut.
453 3366 517 3436 Ka.
537 3367 620 3438 Senio.
637 3370 679 3437 57,
697 3369 732 3435 t),
760 3385 837 3438 unm
853 3369 913 3434 ipse
931 3366 1041 3421 contuli·
1084 3363 1211 3420 Codicum
1228 3361 1317 3430 BH(F)

166 3453 321 3518 scripturas
338 3451 397 3517 scre
414 3469 505 3508 omnes
522 3455 663 3520 adnotant,
691 3455 749 3508 nisi
765 3455 836 3522 quod
854 3452 995 3522 leuissima
1014 3467 1134 3520 quaeqiu
1152 3467 1184 3505 ac
1200 3452 1318 3504 manime

167 3553 208 3604 ea,
235 3549 302 3606 quae
319 3539 357 3591 ad
375 3539 597 3607 orttomapliiam
615 3546 721 3595 tanum
738 3547 869 3608 spectant,
894 3539 1016 3593 consulto
1033 3539 1179 3605 praeterii;
1206 3552 1270 3590 narn
1286 3535 1318 3589 in

166 3624 218 3678 lroc
235 3625 341 3691 quidem
358 3641 387 3676 re
404 3622 500 3677 torum
518 3626 638 3679 codicum
655 3627 733 3680 nulla
751 3626 901 3692 auctoritas
918 3631 965 3680 eet.
1000 3623 1180 3691 Reliquorum
1196 3621 1317 3676 codicum

167 3709 320 3776 scripturas
343 3711 454 3763 selectas
478 3717 585 3764 tantum
609 3712 697 3778 attuli,
724 3711 788 3765 item
810 3711 923 3764 selectas
947 3709 1047 3763 codicis
1066 3707 1277 3776 Guelfertyiaui
1295 3723 1316 3760 s.

169 3794 295 3850 Gudioni
315 3799 351 3850 10
377 3795 416 3860 (-·-·
434 3791 480 3864 G),
494 3801 520 3850 et
541 3795 641 3850 coelicis
667 3796 894 3851 Vratisiauiensis
921 3795 964 3857 (z
982 3793 1024 3860 V),
1052 3809 1121 3861 quaa
1146 3809 1179 3846 cu
1198 3791 1319 3847 Fickerti

167 3887 306 3948 apparatu
329 3882 421 3936 critico
445 3883 556 3950 sumpsi.
601 3881 708 3935 Littera
727 3879 747 3939 0
765 3882 885 3936 omnium
909 3881 1031 3936 codicum
1048 3876 1181 3946 BDEiFlll
1207 3893 1314 3932 corsen-

168 3969 263 4021 ticntcs
285 3967 439 4035 scripturas
462 3968 588 4034 nonani,-
614 3967 662 4021 uti
684 3971 767 4022 unius
791 3975 898 4022 tanturn
919 3969 962 4022 uel
985 3967 1101 4022 duonum
1125 3981 1158 4026 aa
1179 3965 1224 4018 liis
1241 3965 1318 4020 codd.

167 4051 357 4106 dissentientes
379 4054 533 4120 scripturas
556 4055 643 4121 attuli,
671 4055 865 4108 consentientes
887 4061 1034 4108 ceteronun
1057 4053 1209 4118 saintines
1227 4051 1319 4104 littera

168 4134 360 4206 Cplcrumque
378 4145 446 4192 certe
462 4141 568 4194 notaui.

255 4224 339 4295 lrsre
358 4239 414 4308 BG;
439 4247 540 4296 nostra
557 4238 576 4297 F
583 4261 589 4307 ;
614 4247 668 4296 nrt
685 4238 722 4307 H3
745 4241 770 4295 si
788 4223 825 4296 ire
844 4242 889 4308 (ε.-
907 4241 934 4294 si
950 4240 1085 4307 naturae)
1103 4236 1139 4306 D;
1163 4239 1189 4292 si
1205 4238 1267 4294 uite
1285 4255 1318 4292 eu

167 4343 237 4381 corr.
256 4345 289 4380 cn.
307 4329 327 4380 2
345 4324 373 4383 F..
420 4326 550 4380 Maean
573 4325 734 4380 sanatam
757 4329 798 4382 sic
819 4327 879 4393 scre
901 4328 1007 4395 cuplae
1021 4327 1129 4394 possis:
1156 4325 1264 4392 (Urbes
1284 4342 1318 4379 ac

168 4409 355 4467 monumenta
373 4429 443 4466 saxo
463 4418 583 4478 structa,
602 4411 627 4466 si
644 4411 736 4478 uitae)
754 4419 872 4468 nostrae
892 4430 1041 4482 compares
1060 4413 1110 4466 dac.
1202 4410 1318 4480 redigas

169 4496 199 4566 (ἴς
226 4516 258 4552 re
285 4497 388 4567 dignas
412 4495 446 4565 B3
473 4515 535 4552 rem
562 4497 679 4566 dignam
704 4495 747 4554 GH
885 4501 902 4553 2
928 4499 965 4553 ad
993 4497 1192 4553 condicionem
1217 4494 1249 4562 C;
1281 4496 1318 4550 ad

168 4583 381 4638 condictionem
405 4581 436 4651 F;
463 4601 481 4636 a
508 4583 678 4638 condicione
702 4581 734 4650 G;
762 4581 958 4640 scondictuH
1061 4583 1078 4636 3
1103 4583 1267 4638 immortale
1286 4579 1317 4649 C3

167 4670 292 4723 mortale
310 4666 327 4725 F
414 4671 431 4722 4
448 4687 551 4723 manus
569 4670 708 4724 mortales
728 4667 760 4736 C;
778 4671 916 4725 mortales
934 4687 1037 4724 manus
1055 4666 1098 4726 FV
1177 4667 1318 4724 iecerunt

168 4751 245 4822 DHV,
264 4763 294 4808 ut
310 4756 372 4808 uult
391 4755 417 4808 0.
438 4755 470 4808 F.
497 4753 535 4808 W.
555 4753 671 4822 Mallem
690 4754 815 4810 iecerint
834 4753 852 4813 C
