3222 5338
320 365 385 433 278
548 393 576 432 u.
599 392 717 434 aruum
738 393 874 436 sauram
896 396 1095 438 ursaceouvu
1116 397 1177 436 ura.
1200 396 1243 434 rx.

320 558 491 642 precarios
519 557 624 624 habet
647 581 804 626 excessus
828 561 1027 647 cogiturque
1049 560 1129 626 uela
1150 557 1360 642 contrahere,
1394 557 1466 622 siue

321 667 431 732 otiosa
452 673 613 752 mutaque
637 674 689 733 est
711 675 746 734 et
767 676 908 755 anguste
930 671 1176 756 circumsaepta
1204 668 1276 733 siue
1295 666 1465 752 adaperta,

319 774 357 840 in
385 797 597 861 quocumque
624 776 746 864 habitu
775 784 835 864 est,
869 779 1017 864 proficit:
1052 778 1133 864 quid
1154 775 1162 862 l
1183 783 1222 842 tu
1243 797 1364 862 parum
1384 774 1467 840 utile

285 893 304 947 8
321 890 421 970 putas
445 885 634 970 exemplum
655 885 744 951 benc
763 887 990 972 quiescentis?
1033 887 1154 972 Longe
1170 885 1286 970 itaque
1304 883 1469 970 optimum

322 999 374 1060 est
406 993 548 1059 miscere
582 993 687 1059 otium
719 995 831 1081 rebus,
865 997 1023 1082 quotiens
1057 1008 1195 1060 actuosa
1223 992 1296 1057 uita
1324 990 1497 1077 impedi-s

320 1101 445 1167 mentis
466 1100 616 1167 fortuitis
640 1109 698 1168 aut
715 1103 863 1168 ciuitatis
881 1104 1082 1170 condicione
1099 1100 1336 1189 prohibebitur
1342 1124 1349 1184 ;
1372 1119 1467 1164 uum-

322 1232 425 1295 quam
455 1210 545 1275 enim
572 1233 680 1296 usque
711 1233 751 1277 eo
778 1211 964 1278 interclusa
991 1219 1071 1278 sunt
1093 1211 1214 1294 omnia,
1247 1217 1287 1276 ut
1307 1207 1392 1275 nulli
1414 1230 1468 1273 ac·

319 1318 407 1384 tioni
428 1319 524 1384 locus
546 1317 711 1384 honestas
733 1320 787 1386 sit.

287 1437 302 1494 l
406 1427 448 1492 V.
492 1427 665 1513 Numquid
686 1435 785 1515 potes
806 1429 960 1495 inuenire
982 1432 1102 1496 urbem
1123 1427 1342 1511 miseriorem,
1368 1445 1470 1510 quam

322 1533 584 1600 Atheniensium
605 1535 679 1620 fuit,
710 1560 787 1602 cum
807 1537 900 1604 illam
922 1539 1064 1626 triginta
1084 1536 1223 1624 tyranni
1245 1533 1468 1600 diuellerent?
1482 1558 1511 1594 ιο

320 1643 416 1709 Mille
446 1650 619 1710 trecentos
649 1646 750 1732 ciues,
786 1648 950 1733 optimum
979 1669 1155 1735 quemque,
1189 1643 1385 1710 occiderant
1405 1663 1470 1706 uec

299 1751 425 1816 -fiuem
451 1751 533 1818 ideo
557 1751 741 1840 faciebant,
775 1755 837 1820 sed
863 1755 1026 1822 inritabat
1054 1777 1090 1820 se
1117 1754 1194 1840 ipsa
1221 1750 1373 1818 saeuitia.
1428 1748 1471 1812 Iu

322 1883 389 1945 qua
422 1861 561 1926 ciuitate
595 1868 667 1926 erat
688 1861 799 1928 Areos
827 1885 946 1951 pagos,
979 1861 1270 1950 religiosissimum
1296 1858 1472 1941 iudicium,

273 2027 276 2034 .
320 1969 357 2034 in
386 1991 453 2054 qua
481 1974 620 2035 senatus
646 1971 862 2057 populusque
890 1979 1013 2038 senatu
1040 1970 1167 2054 similis,
1202 1969 1317 2034 coibat
1345 1966 1472 2032 cotidie

325 2071 520 2144 carnificum
553 2077 651 2144 triste
685 2079 868 2165 collegium
901 2087 936 2146 et
961 2080 1081 2146 infelix
1109 2078 1204 2144 curia
1228 2076 1383 2164 tyrannis
1412 2097 1471 2140 an·
1486 2095 1510 2134 1⁶

323 2186 530 2271 gustabatur:
563 2193 744 2273 poteratne
765 2187 826 2254 illa
848 2189 968 2256 ciuitas
991 2189 1240 2273 conquiescere,
1269 2185 1308 2250 in
1329 2205 1397 2269 qua
1418 2189 1473 2248 tot

321 2295 458 2380 tyranni
483 2300 588 2379 eraut,
622 2302 706 2380 quot
736 2298 842 2378 (sctis)
872 2296 1036 2362 satellites
1060 2296 1196 2362 essent?
1228 2317 1272 2358 nc
1295 2315 1374 2379 spes
1397 2292 1471 2377 qui·

327 2401 404 2468 dem
431 2402 500 2467 ulla
522 2403 738 2490 recipiendae
759 2404 926 2470 libertatis
950 2404 1070 2470 animis
1091 2407 1228 2489 poterat
1250 2401 1373 2485 offeni,
1406 2421 1471 2464 nec

322 2511 383 2576 ulli
404 2511 555 2577 remedio
576 2511 672 2577 locus
696 2511 883 2599 apparebat
905 2519 1023 2578 contra
1044 2518 1178 2578 tantam
1198 2511 1268 2575 uim
1289 2509 1470 2574 malorum:

286 2619 411 2684 2unde
451 2620 541 2686 enim
578 2621 721 2687 miserae
760 2620 893 2687 ciuitati
930 2627 984 2686 tot
1016 2619 1245 2686 Harmodios?
1310 2617 1470 2682 Socrates
1484 2636 1508 2672 ιο

319 2733 436 2792 tamen
467 2728 504 2792 in
532 2729 645 2795 medio
677 2737 750 2796 erat
779 2735 814 2794 et
842 2729 993 2816 lugentis
1017 2734 1136 2815 'patres
1165 2725 1407 2796 consolabatur
1437 2730 1471 2790 et

321 2833 533 2920 desperantis
564 2836 606 2901 de
635 2860 673 2902 re
700 2837 838 2924 publica
866 2837 1109 2903 exhortabatur
1137 2842 1171 2900 et
1199 2834 1364 2900 diuitibus
1388 2855 1470 2924 opes

321 2964 399 3007 suas
426 2943 656 3009 metuentibus
686 2946 913 3031 exprobrabat
941 2967 1051 3012 seram
1072 2943 1284 3031 periculosae
1307 2941 1470 3007 auaritiae

322 3050 568 3135 paenitentiam
596 3058 630 3116 et
656 3052 781 3118 imitari
808 3054 1005 3119 uolentibus
1025 3075 1187 3139 magnum
1209 3049 1471 3116 circumferebat

324 3158 511 3245 exemplar,
557 3181 634 3224 oum
670 3160 760 3224 inter
797 3161 940 3246 triginta
978 3162 1132 3240 dominos
1164 3159 1254 3224 liber
1283 3158 1469 3223 incederet.
1483 3175 1507 3214 2⁵

286 3265 304 3322 3
322 3266 424 3330 Hunc
452 3272 567 3331 tamen
588 3266 746 3333 Athenae
768 3269 863 3355 ipsae
885 3270 923 3333 in
945 3290 1081 3334 carcere
1104 3268 1311 3350 occiderimt,
1346 3271 1391 3351 et,
1413 3265 1471 3350 qui

324 3379 400 3440 tuto
422 3374 647 3442 insultauerat
670 3377 796 3462 agmini
815 3383 1048 3462 tyrannorum,
1071 3377 1139 3442 eius
1155 3376 1353 3440 libertatern
1367 3373 1470 3438 liber·

321 3583 549 3592 --—-—.--..

321 3716 337 3768 1
362 3715 477 3786 poenos
494 3716 517 3773 A
619 3719 637 3771 2
662 3722 787 3786 anguste
804 3719 906 3784 scripsi
923 3715 1000 3772 Stud-
1019 3721 1078 3772 crit.
1097 3719 1114 3771 l.
1133 3719 1159 3782 t,
1181 3731 1263 3784 qaam
1284 3722 1379 3770 notum
1401 3716 1470 3770 mdo

319 3801 397 3854 modo
415 3801 492 3856 Koch
510 3802 584 3871 ἱερῆς
609 3809 735 3872 angusto
752 3800 775 3859 A
877 3801 894 3856 3
910 3801 1027 3871 proficit
1046 3803 1156 3869 empse}
1182 3801 1250 3870 pros
1249 3800 1274 3854 it
1291 3799 1325 3868 A;
1351 3799 1472 3870 prodest

320 3902 402 3939 nona.
421 3883 443 3942 D
461 3893 487 3941 et
503 3904 546 3955 ap.
565 3888 629 3940 inde
647 3888 791 3956 aMareto,
809 3890 872 3944 item
881 3887 1009 3956 Madaiy.
1068 3886 1138 3956 quid
1154 3893 1188 3940 tu
1205 3884 1235 3953 A,
1252 3893 1285 3940 at
1301 3883 1472 3953 talerpaayit

324 3969 499 4041 Wesenberg
522 3971 611 4041 quid?
629 3977 662 4025 tu
679 3990 724 4042 up.
826 3975 843 4028 6
860 3973 1063 4042 prohibebitur
1080 3971 1116 4040 A3
1133 3970 1306 4040 prohibetur
1323 3988 1368 4039 ap.

321 4055 353 4107 10
379 4054 701 4124 tirannisdi„uellerent
726 4057 806 4114 A¹·¹
920 4059 953 4112 12
979 4056 1086 4111 seuitia
1110 4055 1133 4113 A
1246 4056 1279 4109 14
1305 4059 1412 4110 senatu
1437 4053 1471 4128 A;

322 4141 437 4196 senatui
455 4161 512 4212 aye
530 4160 568 4197 aa
587 4148 707 4198 senatus
724 4144 835 4199 serta?
921 4144 954 4197 15
971 4141 1095 4196 tirannis
1113 4141 1135 4199 A
1153 4142 1229 4208 (item
1246 4141 1345 4195 danda
1361 4138 1472 4194 tiranni

320 4235 345 4280 et
362 4245 387 4280 a.
407 4231 446 4284 2⁷
462 4227 620 4295 tirannos).
691 4230 903 4298 angustabatur
920 4227 1022 4296 obrepat
1038 4226 1116 4282 stad.
1135 4230 1194 4282 ortt
1212 4229 1227 4281 1.
1248 4228 1279 4293 1.;
1306 4231 1433 4294 angusta
1450 4223 1473 4280 A

423 4366 454 4419 17
482 4316 560 4435 quod
576 4363 656 4422 ΑΗ
762 4365 835 4420 satis
854 4366 916 4420 add.
936 4365 1055 4432 Madaiy
1081 4363 1140 4430 (sat
1158 4362 1312 4417 addendum
1329 4368 1473 4418 coemat

294 4499 449 4568 *Lipsiae
579 4503 614 4556 20
639 4499 745 4556 misere
763 4500 793 4569 A,
811 4515 878 4556 corr.
899 4518 942 4570 aa.
1062 4501 1096 4555 21
1122 4458 1252 4581 lugentis
1270 4497 1351 4554 A1-¹

320 4621 355 4676 22
378 4621 446 4677 dere
465 4605 504 4676 Ῐ).
522 4621 544 4679 A
646 4620 682 4675 23
699 4637 795 4676 seram
810 4638 867 4689 aye
885 4620 979 4678 feram
996 4619 1018 4677 A
1103 4620 1138 4674 24
1155 4617 1347 4690 penitentiam
1365 4615 1388 4674 A

321 4706 355 4760 27
373 4705 436 4762 eius
453 4723 535 4762 nona.
553 4704 575 4763 D
594 4712 621 4761 et
636 4722 695 4775 ay.;
714 4705 788 4760 ciuis
806 4704 828 4762 A
