3222 5338
281 321 344 386 216
501 347 529 385 n.
553 345 671 386 anunm
693 344 828 386 snunoan
850 346 1049 388 nnnooonvu
1070 347 1131 388 nra.
1154 348 1209 387 vn.

281 516 403 598 potest,
437 533 539 596 quam
571 511 599 574 si
631 510 777 595 primum
809 533 891 576 sana
923 533 1019 576 mens
1054 518 1106 576 est
1134 510 1231 576 etin
1258 516 1424 596 perpetua

280 621 494 708 possessione
532 619 686 685 sanitatis
719 643 816 704 suae,
862 619 985 684 deinde
1018 619 1116 686 fortis
1150 642 1190 686 ao
1222 618 1422 703 uehemens,

278 737 359 795 tuno
392 728 613 815 pulcherrime
645 729 788 815 patiens,
822 734 902 814 apta
934 730 1153 815 temporibus,
1188 728 1338 815 corporis
1372 728 1423 793 sui

277 837 587 926 pertinentiumque
621 836 665 901 ad
697 836 733 901 id
766 837 899 902 curiosa
930 861 1000 903 non
1033 838 1141 923 anxie,
1186 845 1259 905 turn
1291 839 1423 903 illarum

276 969 387 1011 rerum
428 969 515 1031 quae
552 945 660 1010 uitam
697 945 869 1012 instruunt
908 945 1053 1032 diligens
1094 947 1167 1012 sine
1201 947 1448 1012 admirationes

242 1062 260 1115 4
278 1055 483 1140 cuiusquam,
517 1077 619 1120 usura
640 1051 798 1119 fortunae
820 1055 1026 1140 muneribus,
1054 1079 1125 1121 non
1147 1056 1323 1120 seruitura.
1367 1055 1422 1118 ln·

276 1163 421 1250 tellegis,
445 1165 547 1229 etiam
569 1163 688 1229 sinon
711 1164 865 1249 adiciam,
895 1165 991 1249 sequi
1012 1171 1213 1252 perpetuam
1235 1163 1422 1249 tranquilli-

143 1278 192 1334 fol.
208 1279 264 1332 50¹·
277 1279 393 1356 tatem,
425 1271 622 1338 libertatern
644 1271 793 1359 depulsis
815 1273 866 1358 iis,
899 1296 984 1358 quoe
1007 1279 1066 1338 aut
1086 1273 1229 1338 inritant
1249 1272 1258 1358 l
1279 1295 1343 1338 nos
1365 1277 1423 1337 aut

278 1381 450 1465 territant,
484 1404 563 1447 nam
584 1380 818 1468 uoluptatibus
850 1384 992 1464 (spretis)
1015 1405 1076 1468 pro
1100 1382 1175 1467 illis,
1210 1405 1297 1467 quae
1319 1404 1423 1467 parua

279 1513 318 1554 ao
345 1487 481 1575 fragilia
509 1497 588 1554 sunt
611 1496 645 1554 et
666 1493 687 1571 t
709 1490 792 1577 ipsis
814 1489 952 1576 flagitiis
974 1491 1084 1576 noxia,
1118 1491 1240 1576 ingens
1262 1489 1423 1576 gaudium
1438 1517 1461 1552 ιο

279 1599 379 1682 subit,
401 1597 640 1663 inconcussum
663 1604 697 1663 et
720 1599 870 1684 aequale,
893 1606 966 1664 tum
987 1621 1054 1685 pax
1072 1606 1106 1664 et
1124 1598 1306 1666 concordia
1324 1598 1424 1664 animi

281 1713 316 1771 et
347 1706 544 1793 magnitudo
569 1729 645 1772 oum
666 1706 941 1793 mansuetudine,
977 1709 1085 1774 omnis
1109 1709 1200 1775 enirn
1222 1733 1263 1774 ex
1284 1707 1422 1773 infirmi-

280 1821 352 1881 tate
374 1814 491 1881 feritas
515 1821 575 1881 est.
898 1799 900 1804 ,

249 1915 264 1984 1
366 1924 425 1990 IV.
469 1924 590 2010 Potest
612 1924 709 1990 aliter
731 1947 865 2010 quoque
889 1925 1021 1990 definiri
1042 1926 1170 1992 bonurn
1191 1932 1356 2011 nostrum,
1388 1925 1425 1990 id

284 2038 336 2097 est
359 2031 478 2098 eadem
500 2033 670 2098 sententia
690 2057 761 2100 non
782 2034 892 2099 isdem
914 2035 1102 2120 conprendi
1123 2034 1247 2101 uerbis.
1303 2037 1462 2114 Quem-1⁶

270 2140 465 2206 admodum
491 2142 582 2207 idem
611 2143 777 2208 exercitus
803 2142 906 2208 modo
934 2143 1036 2208 latius
1064 2143 1225 2230 panditur
1253 2144 1359 2210 'modo
1391 2145 1427 2210 in

285 2256 466 2336 angustum
495 2237 729 2318 coartatur'ec
751 2252 866 2317 autin
889 2274 1017 2317 cornua
1039 2247 1172 2318 sinuati
1194 2253 1308 2318 media
1329 2260 1425 2340 parte

286 2366 445 2426 curuatur
478 2366 536 2426 aut
567 2366 662 2426 recta
692 2359 806 2427 fronte
841 2361 1035 2447 explicatur,
1068 2361 1119 2425 uis
1152 2361 1212 2446 illi,
1245 2368 1427 2448 utcumque

286 2469 461 2535 ordinatus
489 2476 551 2556 ost,
585 2469 705 2535 cadem
728 2477 781 2536 est
802 2477 838 2535 et
859 2471 1016 2535 uoluntas
1038 2493 1100 2556 pro
1125 2470 1253 2535 eisdem
1274 2471 1426 2556 partibus

286 2577 412 2644 standi:
445 2579 494 2644 ita
526 2578 634 2643 finitio
658 2579 779 2644 summi
799 2579 882 2644 boni
904 2578 988 2644 alias
1011 2578 1155 2644 diffundi
1176 2583 1292 2665 potest
1314 2585 1350 2644 et
1372 2602 1426 2644 ex·
1440 2605 1463 2641 20

250 2686 421 2773 2porrigi,
456 2686 538 2752 alias
566 2687 680 2772 colligi
709 2693 743 2752 et
769 2687 806 2752 in
834 2711 870 2752 se
894 2687 980 2774 cogi.
1035 2687 1132 2752 Idem
1153 2687 1270 2773 itaque
1292 2687 1366 2772 erit,
1400 2688 1428 2752 si

284 2794 416 2860 dixero:
452 2793 629 2860 ‘summum
660 2796 788 2861 bonum
822 2801 875 2861 est
903 2795 1033 2861 animus
1059 2789 1203 2862 fortuito
1225 2795 1427 2882 despiciens,

279 3011 301 3065 3
326 3017 397 3066 emo
420 3010 615 3080 pulcherrime
638 3011 752 3081 pauens
775 2998 862 3080 eece,
885 3013 980 3068 necor
1004 3012 1223 3078 noeumane
1245 3015 1312 3068 1331
1331 3029 1361 3080 p.
1378 3013 1429 3067 en

284 3097 367 3164 (tunc
384 3097 518 3151 interdum
536 3096 638 3152 Seneca
655 3099 811 3153 adhibuisse
828 3099 944 3165 uidetur,
967 3115 1023 3154 non
1040 3105 1072 3153 nt
1088 3115 1189 3154 nonem
1205 3101 1352 3154 mendenen
1369 3115 1429 3153 oro-

285 3183 367 3238 done's
392 3183 541 3251 induceret,
568 3185 615 3238 sed
640 3191 747 3251 partem
773 3186 831 3238 eine
851 3185 976 3251 membri,
1004 3185 1075 3252 qnod
1096 3201 1115 3238 a
1138 3183 1241 3239 deinde
1265 3185 1373 3253 incipit,
1400 3191 1431 3239 nt

283 3271 328 3323 tio
349 3270 487 3336 patientia
509 3285 582 3336 pars
607 3270 783 3335 fortitudinis
805 3278 857 3338 esa·
885 3272 935 3336 cfr.
958 3286 1029 3325 cons.
1053 3271 1098 3324 ad.
1121 3269 1201 3324 Heln.
1225 3273 1270 3342 20,
1289 3269 1338 3340 2),
1360 3275 1429 3326 tunc

175 3379 180 3385 ·
245 3367 249 3377 ·
284 3353 480 3423 pulcherrima
497 3355 522 3410 d
539 3354 654 3424 patiens
672 3354 707 3420 11;
734 3360 840 3410 cuncte
856 3355 1052 3425 pulcherrime
1069 3355 1184 3426 patiens
1204 3355 1329 3423 Modne'y.
1365 3373 1368 3376 “

284 3439 434 3496 4111313111
452 3441 511 3495 edd.
529 3441 644 3509 aanor,
663 3440 825 3496 aliarumA
893 3442 911 3495 6
927 3441 1068 3510 intelligis
1086 3441 1138 3508 A⁵;
1156 3442 1252 3496 malim
1269 3441 1429 3511 intelleges.

364 3528 382 3581 8
399 3525 591 3596 depulsivsiis
611 3543 666 3595 que
684 3526 764 3583 ,cr-s
851 3528 952 3580 {lnam
969 3528 1027 3581 uol.
1046 3525 1177 3595 (spretis)
1196 3545 1248 3597 pro
1265 3527 1334 3594 illis,
1357 3546 1430 3598 quaa

285 3612 385 3680 scripsi
407 3613 574 3680 dubitantem
600 3631 668 3666 nam
689 3611 890 3681 uoluptatibus
913 3613 939 3666 n
959 3629 1012 3681 pro
1034 3611 1094 3666 illis
1119 3629 1174 3681 que
1198 3613 1232 3681 Α;
1259 3631 1327 3667 narn
1354 3613 1430 3683 (pro)

166 3705 168 3708 '
284 3697 486 3767 uoluptatibus
511 3703 541 3753 et
563 3715 617 3768 pro
639 3691 705 3766 illis,
733 3716 806 3767 quae
823 3715 868 3766 ny.
886 3699 949 3752 inde
966 3698 1002 3752 ab
1020 3698 1147 3766 Erosmo,
1175 3699 1246 3766 quod
1262 3713 1319 3752 non
1335 3715 1431 3754 nonen

286 3852 342 3891 esse
359 3837 465 3892 oseae
483 3835 561 3890 sae.
579 3838 637 3890 33.
656 3837 673 3890 r
692 3836 709 3890 1
814 3837 846 3889 10
872 3836 897 3890 3
918 3836 922 3900 ι
943 3835 1015 3904 ipsis
1033 3795 1143 3904 flantis
1171 3835 1250 3902 (corr.
1267 3836 1333 3901 fon.
1350 3851 1385 3890 m.
1403 3836 1431 3902 1)

285 3921 373 3976 noxia
390 3920 420 3990 A,
447 3919 1430 3996 Quemnmnnwnednmffldminnnninis

286 4008 718 4104 QQOM
735 4024 817 4062 senen
835 4023 945 4062 cossam
963 4014 1008 4078 est,
1028 4024 1076 4080 nec
1093 4024 1182 4083 onnes
1200 4007 1355 4082 uoluptates
1373 4023 1432 4062 enm

285 4093 1125 4177 mmenmmreanmnme-un
1150 4093 1212 4160 <n
1230 4093 1308 4160 ense.
1326 4093 1370 4160 n,
1388 4092 1431 4160 a

287 4183 317 4231 et
334 4177 512 4246 turpissimis
529 4179 595 4248 flag.
615 4178 741 4234 obnoxia
758 4179 826 4234 coni.
845 4179 922 4234 Koch
938 4181 1013 4232 mire.
1056 4177 1089 4233 Si
1104 4195 1181 4232 error
1198 4178 1299 4246 allonis
1315 4181 1432 4246 pronior

287 4265 352 4318 latet
373 4279 420 4318 nee
442 4266 522 4320 nerto
545 4283 631 4335 saepe
653 4280 704 4332 pro
728 4264 799 4334 ipsis
823 4267 939 4332 reposito
963 4265 1077 4333 defnnpt
1095 4279 1252 4332 possennus,
1276 4263 1432 4332 potiusne

287 4349 455 4403 scribendam
474 4367 529 4406 esse
546 4353 715 4419 patonernn:
740 4357 771 4405 et
787 4349 851 4419 ipsa
869 4351 915 4404 sui
932 4349 1051 4405 fastidio
1070 4349 1202 4417 obnoxia,
1227 4351 1278 4415 cfr.
1297 4351 1329 4404 de
1346 4351 1431 4414 benef.

295 4436 356 4500 VII,
382 4439 410 4501 2,
433 4440 467 4503 2;
495 4443 519 4490 et
540 4438 590 4491 hoc
613 4454 646 4491 eo
669 4454 697 4490 re
721 4429 927 4503 conterendam,
955 4438 1026 4504 qnod
1049 4439 1074 4492 ei
1096 4439 1126 4490 e'n
1143 4453 1213 4504 seqq.
1232 4435 1353 4503 aequale
1370 4440 1432 4502 apte

287 4523 436 4590 respondet.
490 4524 523 4577 11
541 4524 707 4594 equalctum
714 4521 761 4586 Αἱ,
780 4521 1016 4592 331131133311111115
1072 4523 1104 4576 14
1122 4537 1224 4591 quoqne
1241 4519 1381 4586 (nosue)
1393 4517 1429 4573 A⁶

392 4609 423 4662 15
439 4608 542 4664 iisdem
559 4625 604 4676 ny,
621 4609 668 4674 (en
684 4623 766 4662 nonn.
785 4604 831 4674 D);
857 4606 934 4660 idern
951 4607 973 4663 A
1077 4608 1110 4662 19
1128 4607 1199 4663 eade
1216 4605 1238 4661 A
1256 4605 1323 4671 (non
1341 4602 1431 4669 eade),

284 4702 349 4762 post
366 4696 436 4762 qnod
452 4695 483 4749 in
499 4697 554 4760 dne
571 4710 668 4748 nersns
682 4709 776 4761 paena
793 4709 895 4746 rosnro
912 4700 966 4760 eet‚·
985 4693 1033 4747 sed
1049 4695 1091 4748 nd
1105 4692 1162 4747 nisi
1175 4697 1307 4760 punctum
1324 4705 1433 4745 erasnm

288 4781 406 4837 nudetur.
