3228 5330
266 391 329 456 302
498 417 525 456 u.
551 417 669 456 arram
691 415 827 458 sunnone
848 416 1050 458 nranoconvu
1072 417 1133 458 nie.
1156 418 1200 458 ix.

265 578 421 645 mouebat
443 579 486 644 ad
507 601 677 665 numeros,
713 601 784 669 non
804 578 952 646 molliter
974 601 1012 645 se
1032 578 1232 667 infringens,
1265 587 1306 646 ut
1325 603 1416 647 nuno
1462 583 1467 592 '

265 709 340 754 mos
380 694 433 753 est
472 687 575 753 etiam
606 688 744 754 incessu
775 688 850 774 ipso
884 688 974 754 ultra
1005 688 1205 756 muliebrem
1237 689 1417 756 mollitiam

266 795 460 880 fluentibus,
494 795 556 862 sed
582 802 620 861 ut
644 796 774 882 antiqui
794 796 845 861 illi
866 797 932 862 uiri
954 795 1113 862 solebant
1133 798 1223 863 inter
1242 797 1354 863 lusum
1376 820 1416 863 ac

266 903 356 970 festa
387 911 543 991 tempora
574 903 709 971 uirilem
734 905 772 970 in
798 905 938 971 modurn
966 905 1163 992 tripudiare,
1195 928 1267 972 non
1294 903 1416 971 facturi

267 1012 522 1098 detrimentum,
568 1013 671 1079 etiam
711 1014 741 1078 si
780 1014 823 1079 ab
863 1011 1020 1081 hostibus
1061 1014 1130 1080 suis
1170 1021 1443 1100 spectarentrms

232 1121 390 1188 5Danda
421 1129 474 1187 est
501 1122 621 1187 animis
649 1122 821 1188 remissio:
854 1121 1012 1202 meliores
1035 1123 1252 1208 acrioresque
1270 1122 1416 1207 requieti

266 1235 416 1316 surgent.
471 1230 521 1297 Ut
553 1229 723 1296 fertilibus
757 1229 847 1316 agris
880 1251 951 1294 non
984 1235 1037 1296 est
1068 1229 1313 1317 imperandum,
1347 1230 1414 1295 cito

267 1338 358 1404 enim
385 1338 466 1428 illos
493 1337 670 1419 exhauriet
696 1359 880 1423 numquam
907 1338 1100 1404 intermissa
1126 1337 1334 1422 fecunditas,
1367 1338 1416 1404 ita

170 1528 171 1532 Ἰ
267 1447 455 1512 animorum
483 1447 631 1532 impetus
654 1445 816 1512 adsiduus
837 1445 936 1511 labor
957 1445 1103 1533 franget,
1136 1447 1227 1512 uires
1249 1445 1416 1532 recipient

266 1555 405 1641 paulum
425 1555 567 1620 resoluti
590 1560 624 1618 et
644 1550 791 1638 remissi3
814 1554 967 1620 nascitur
984 1577 1026 1620 ex
1043 1555 1243 1622 assiduitate
1259 1552 1416 1618 laborum
1431 1583 1455 1620 lo

114 1699 124 1722 .
233 1662 457 1736 eanimorum
489 1661 664 1728 hebetatio
699 1661 866 1747 quaedam
899 1669 934 1727 et
966 1663 1122 1749 languor.
1176 1663 1249 1728 Neo
1279 1662 1323 1727 ad
1349 1661 1415 1727 hoc

266 1778 364 1836 tanta
384 1770 560 1836 hominum
582 1770 751 1857 cupiditas
768 1771 937 1853 tenderet,
959 1771 1025 1836 nisi
1041 1771 1230 1836 naturalem
1247 1769 1416 1855 quandam

266 1879 479 1966 uoluptatem
522 1878 668 1945 haberet
709 1879 803 1944 lusus
846 1879 1024 1964 iocusque;
1071 1900 1213 1964 quorum
1255 1877 1415 1964 frequens

267 2009 347 2052 usus
371 2009 470 2054 omne
493 1988 612 2053 animis
635 1987 771 2075 pondus
794 2010 996 2072 omnemque
1018 1987 1089 2053 uim
1112 1988 1249 2074 eripiet:
1279 2009 1359 2053 nam
1381 1994 1416 2052 et

268 2117 406 2162 somnus
443 2094 624 2161 refectioni
661 2097 874 2162 necessarius
908 2102 976 2182 est,
1020 2094 1112 2161 hunc
1144 2103 1260 2161 tamen
1293 2097 1323 2161 si
1354 2117 1416 2182 per
1430 2123 1455 2160 rs

268 2205 357 2270 diem
386 2211 591 2290 noctemque
619 2206 807 2287 continues,
841 2227 932 2271 mors
962 2202 1035 2270 erit.
1089 2203 1237 2269 Multum
1262 2203 1415 2289 interest,

234 2313 421 2382 Tremittas
450 2312 578 2398 aliquid
606 2335 650 2378 an
678 2314 802 2379 solues.
856 2313 990 2399 Legum
1019 2311 1213 2379 conditores
1233 2310 1342 2378 festos
1363 2311 1414 2378 in·

267 2421 452 2488 stituerimt
481 2421 562 2507 dies,
595 2427 633 2485 ut
661 2421 705 2487 ad
733 2421 939 2487 hilaritatem
966 2419 1122 2485 homines
1148 2419 1286 2506 publice
1314 2442 1414 2506 coge·

265 2536 393 2614 rentur,
413 2535 589 2613 tamquam
610 2530 840 2595 necessarium
860 2527 1035 2594 laboribus
1053 2529 1311 2615 interponentes
1329 2535 1414 2594 tem-

266 2644 516 2723 peramentum;
541 2644 576 2702 et
597 2638 722 2723 magni,
745 2644 784 2703 ut
806 2638 884 2721 dixi,
907 2637 973 2702 uiri
990 2636 1128 2722 quidam
1145 2637 1211 2702 sibi
1227 2643 1453 2708 monstrasse

131 2745 371 2811 ascensoriis
404 2745 525 2809 diebus
557 2744 660 2811 ferias
683 2745 691 2831 ll
714 2747 851 2832 dabant,
893 2745 1031 2831 quidam
1062 2744 1193 2811 nullum
1224 2766 1295 2810 non
1328 2743 1418 2810 diem

264 2853 355 2917 inter
386 2852 493 2918 otium
523 2859 559 2918 et
588 2875 685 2918 ouras
714 2854 929 2920 diuidebant:
964 2852 1099 2939 qualem
1126 2853 1318 2920 Pollionem
1338 2852 1416 2918 Asi-

265 2960 359 3025 nium
382 2967 552 3028 oratorem
573 2983 735 3047 magnum
756 2962 980 3046 meminimus,
1014 2983 1115 3046 quem
1135 2961 1231 3026 nulla
1251 2983 1306 3027 res
1328 2961 1417 3026 ultra

267 3068 444 3133 decumam
472 3069 630 3154 detinuit,
663 3093 708 3135 ne
736 3069 900 3157 epistulas
929 3069 1067 3154 quidem
1093 3076 1174 3155 post
1194 3079 1277 3134 'eam
1297 3068 1417 3135 horam

265 3175 414 3261 legebat,
447 3199 491 3242 ne
520 3176 603 3263 quid
629 3201 740 3244 nouae
769 3201 870 3243 curae
892 3183 1100 3261 nasceretur,
1134 3176 1197 3243 sed
1217 3178 1325 3244 totius
1347 3177 1415 3242 diei
1428 3203 1452 3238 as

265 3283 502 3350 lassitudinem
530 3284 661 3351 duabus
688 3286 756 3351 illis
784 3285 877 3351 horis
904 3285 1065 3372 ponebat.
1129 3285 1276 3363 Quidam
1302 3286 1415 3352 medio

267 3392 322 3458 die
343 3393 619 3459 interiunxenmt
641 3400 676 3459 et
696 3394 733 3460 in
754 3394 1039 3480 postmeridianas
1061 3380 1163 3460 horas
1186 3387 1313 3480 aliquid
1330 3394 1415 3459 laui-

268 3501 335 3567 oris
371 3524 495 3588 operae
529 3501 745 3568 distulerunt.
799 3502 949 3568 Maiores
984 3523 1119 3587 quoque
1150 3502 1260 3568 nostri
1291 3523 1416 3568 nouam

272 3692 493 3700 -—-—·——-—-

268 3807 282 3858 1
308 3807 447 3862 mouebat
468 3807 630 3877 Wesenbery
647 3825 708 3863 cum
725 3825 794 3864 corr.
811 3813 894 3864 unius
913 3807 934 3866 D
953 3809 1058 3874 (mouit
1074 3816 1144 3878 “ab
1170 3808 1314 3865 monas

266 3892 283 3945 6
299 3890 443 3960 requieti*
469 3892 552 3959 (eras.
571 3893 597 3960 s)
615 3893 637 3949 A
733 3895 765 3947 10
783 3895 989 3950 remissiones
1006 3892 1028 3950 D
1046 3902 1072 3949 et
1087 3910 1132 3963 up.
1150 3894 1214 3948 iude
1231 3895 1266 3948 ab
1284 3893 1416 3960 Εναεηιος

266 3975 406 4032 emissiA
509 3977 728 4033 exassiduitate·
756 3979 919 4034 animorum
936 3978 1087 4052 hebetatio
1105 3978 1149 4047 ab
1175 3979 1207 4034 in
1230 3996 1282 4047 my.
1301 3979 1364 4032 add.
1383 3979 1417 4035 a*

267 4062 362 4126 'labou
375 4069 440 4130 post
452 4062 663 4118 cxassiduitate
677 4066 859 4119 {merendum
913 4063 946 4119 14
959 4067 1076 4134 omneq3
1091 4064 1183 4120 uiml
1197 4064 1338 4131 (lineolam
1353 4065 1416 4118 odd.

265 4163 299 4200 m.
309 4146 372 4212 rec.)
415 4147 459 4206 ,15
476 4147 502 4201 si
516 4165 568 4217 per
582 4158 625 4218 ue.
636 4151 701 4204 inde
714 4149 891 4215 abEraamm
910 4167 1024 4219 semper
1038 4149 1063 4204 si
1072 4151 1107 4218 Α;
1126 4166 1242 4219 semper
1255 4148 1281 4203 si
1295 4150 1416 4219 peredd.

266 4231 367 4299 antiqq.
427 4233 459 4306 18
476 4232 514 4287 ad
530 4232 563 4288 Αἱ
582 4251 649 4289 corr.
668 4251 701 4288 ea
718 4235 755 4289 ab
812 4233 993 4290 hilaritatem
1011 4235 1072 4302 (sed
1088 4235 1115 4289 ri
1132 4251 1165 4289 eu
1181 4253 1215 4289 ra
1233 4233 1314 4300 corr.)
1332 4235 1365 4291 ΑῙ

266 4316 300 4370 20
327 4314 387 4369 dixi
410 4316 440 4381 A,
465 4319 516 4370 uix
541 4326 622 4388 recta·
650 4320 714 4385 fort.
733 4319 819 4374 scrbd.
843 4318 958 4388 dicunt;
986 4319 1075 4376 didici
1102 4321 1169 4374 coni.
1187 4320 1311 4388 Lepeius.

266 4452 301 4505 22
318 4450 413 4506 asiais}
421 4451 467 4519 a⁵;
486 4403 600 4510 asirium
609 4453 784 4512 A¹-²utuid.
836 4455 871 4509 23
887 4458 972 4511 uerba
982 4461 1128 4512 oratorem
1142 4473 1281 4526 magnum
1296 4456 1417 4511 tollenda

266 4537 501 4593 censebotHaasa.
553 4541 730 4596 meminimus
747 4540 793 4608 A⁵3
810 4557 845 4605 aa
860 4541 893 4597 Α1
911 4544 1051 4610 scripturo
1068 4543 1216 4610 dispicite
1233 4541 1305 4597 me*
1307 4583 1386 4598 ......
1394 4561 1416 4608 s,

267 4637 300 4675 ae
316 4624 368 4676 aar
385 4622 507 4678 <temtari
522 4632 619 4692 potest,
638 4628 706 4694 quio
722 4626 809 4692 fuerit
825 4625 1041 4682 ma⁶minimus
1120 4629 1156 4682 24
1173 4626 1301 4682 detinuit
1317 4628 1418 4694 scripsi

267 4705 344 4762 stud.
363 4709 424 4762 crit.
438 4723 466 4775 p.
484 4709 548 4776 1463
566 4709 690 4765 retinuit
707 4709 730 4766 A
