3222 5338
281 338 347 403 280
509 363 537 400 u.
560 361 680 402 sarram
700 363 838 402 srsucan
858 361 1060 404 nmuoeouvrr
1080 362 1142 401 nm.
1164 362 1209 402 1x.

282 549 383 612 qnam
403 525 493 591 ferre
515 533 643 612 posset,
666 527 750 592 alius
773 525 944 590 infirmnm
968 547 1090 612 corpus
1106 524 1279 590 laborioso
1297 545 1432 610 oppres-

246 640 264 695 3
281 635 326 700 sit
348 633 472 702 officio.
518 635 832 702 *Considerandum
855 643 916 721 est,
939 643 1053 701 utrum
1073 641 1196 700 natura
1213 641 1274 698 tua
1291 633 1433 719 agendis

279 744 382 810 rebus
404 767 447 809 an
471 745 582 809 otioso
604 745 717 811 studio
740 745 1090 832 contemplationique
1112 743 1225 828 aptior
1247 743 1301 828 sit,
1331 749 1366 807 et
1388 765 1430 807 eo

279 851 521 936 inclinandum,
543 876 609 938 quo
632 861 669 918 te
690 855 742 919 uis
764 853 895 940 ingenii
915 853 1014 938 feret,
1038 854 1099 934 (ut)
1122 851 1293 916 Isocrates
1315 849 1430 936 Epho-

279 983 354 1025 rum
381 961 509 1025 im'ecta
534 985 638 1026 manu
665 985 686 1028 a
712 962 788 1028 foro
812 963 973 1028 subduxit
995 961 1166 1026 utiliorem
1188 958 1458 1044 componendise

279 1069 508 1134 monumentis
535 1069 754 1136 historiarum
775 1077 886 1155 ratus;
919 1071 1008 1136 male
1032 1070 1122 1134 enim
1142 1067 1352 1153 respondent
1373 1089 1430 1131 co-

280 1184 357 1243 acta
388 1177 542 1262 ingenia,
576 1179 767 1244 reluctante
795 1186 918 1245 natura
944 1180 1068 1244 inritus
1089 1177 1189 1241 labor
1211 1175 1294 1241 est*
1338 1175 1429 1252 Quo-

278 1285 424 1352 rundam
444 1307 565 1371 parum
585 1285 711 1352 idonea
734 1295 787 1353 est
808 1288 1015 1354 uerecundia
1032 1286 1135 1351 rebus
1155 1283 1320 1367 ciuilibus,
1343 1305 1430 1368 quae

278 1393 410 1476 firmam
441 1393 590 1459 frontem
622 1395 833 1480 desiderant;
867 1395 1081 1482 quorundam
1114 1392 1329 1458 contumacia
1359 1412 1430 1456 non

279 1501 364 1568 facit
392 1500 435 1566 ad
463 1503 587 1586 aulam;
622 1504 760 1588 quidam
786 1527 857 1570 non
884 1503 1015 1570 habent
1036 1504 1122 1568 iram
1142 1502 1180 1566 in
1200 1507 1372 1586 potestate
1395 1506 1430 1565 et
1443 1525 1470 1561 ιο

278 1611 355 1675 illos
383 1611 428 1678 ad
455 1605 641 1676 temeraria'
661 1613 768 1677 uerba
797 1611 972 1696 quaelibet
999 1610 1190 1697 indignatio
1214 1608 1323 1692 effert;
1358 1608 1429 1694 qui-

281 1718 360 1785 dam
387 1720 616 1785 urbanitatem
635 1721 795 1786 nesciunt
817 1722 994 1786 continere
1015 1741 1081 1786 nec
1102 1717 1302 1804 periculosis
1326 1717 1428 1803 apsti-

279 1833 365 1892 nent
385 1828 527 1894 salibus:
561 1829 718 1894 omnibns
739 1829 793 1894 his
815 1829 932 1894 utilior
952 1829 1092 1914 negotio
1117 1827 1213 1913 quies
1237 1834 1303 1910 est;
1333 1825 1431 1891 ferox

279 1936 518 2021 inpatiensque
538 1943 661 2002 natura
681 1937 902 2002 inritamenta
922 1939 1100 2002 nociturae
1121 1934 1290 2000 libertatis
1313 1933 1428 1998 enitet.

244 2061 262 2113 4
364 2043 588 2111 Aestimanda
622 2053 701 2110 sunt
735 2045 860 2110 deinde
887 2046 978 2130 ipsa,
1011 2067 1099 2130 quae
1130 2043 1362 2128 adgredimur,
1396 2047 1468 2106 etis

279 2153 369 2218 uires
398 2160 536 2220 nostrae
559 2176 636 2218 cum
657 2154 770 2231 rebus,
806 2177 890 2239 quas
912 2153 1113 2240 temptaturi
1135 2173 1260 2235 sumus,
1295 2172 1430 2236 compa·

279 2261 421 2345 randae3
456 2262 561 2327 debet
594 2262 683 2326 enim
717 2283 851 2348 semper
883 2262 960 2347 plus
993 2284 1068 2326 esse
1101 2261 1225 2325 uirium
1251 2261 1288 2324 in
1316 2265 1430 2324 actore

281 2391 383 2454 quam
403 2369 440 2434 in
463 2392 579 2451 opere:
602 2393 745 2434 necesse
769 2376 822 2435 est
844 2371 1040 2456 opprimant
1057 2391 1171 2454 onera,
1195 2391 1281 2453 quae
1297 2365 1430 2432 ferente

244 2478 407 2546 5maiora
439 2485 527 2544 sunt.
584 2477 761 2555 Quaedam
793 2485 973 2564 praeterea
1003 2500 1075 2543 non
1103 2485 1171 2542 tam
1198 2498 1324 2561 magna
1353 2482 1433 2541 sunt

281 2787 295 2838 1
314 2803 400 2854 quam
417 2785 495 2841 ferre
512 2784 546 2853 l;
575 2802 662 2854 quam
680 2784 758 2854 quod
774 2783 852 2840 ferre
877 2785 1043 2853 Warthan
1068 2786 1117 2839 sed
1132 2786 1189 2838 uid.
1208 2783 1306 2838 adnot.
1324 2800 1385 2837 mea
1401 2782 1432 2836 in

280 2872 324 2924 lib.
342 2871 376 2924 de
392 2870 479 2936 benef.
498 2871 548 2930 IV,
568 2873 612 2936 34,
631 2874 657 2936 4,
671 2888 699 2938 p.
720 2872 777 2924 227
795 2886 833 2940 aq.
937 2870 1085 2940 oppressit
1101 2887 1159 2938 πμ
1182 2867 1292 2938 pressit
1308 2867 1330 2924 l

279 2957 296 3008 2
327 2954 414 3009 Uerta
432 2954 651 3010 Considerandd
678 2956 894 3011 est...inritue
919 2956 1005 3010 labor
1031 2961 1077 3010 est
1100 2955 1153 3009 duc
1179 2955 1348 3021 transposui,
1374 2953 1431 3006 uid.

281 3038 436 3094 Student.
455 3043 570 3110 p.140‚·
597 3042 628 3096 in
645 3041 668 3098 Α
684 3041 764 3108 infra
787 3043 913 3111 loquutur
934 3048 998 3095 ante
1022 3057 1080 3109 cup.
1098 3041 1115 3094 7
1137 3047 1200 3094 sect.
1217 3042 1236 3094 3
1256 3043 1329 3094 inter
1349 3039 1432 3092 uerba

279 3124 387 3194 popina
411 3132 525 3181 secreta
547 3135 572 3181 et
589 3127 688 3182 Nichil
705 3133 805 3181 tamen
823 3144 872 3198 eq3
900 3125 1100 3192 oblectauerit‚
1124 3141 1240 3193 prorsus
1258 3127 1350 3180 alieno
1368 3125 1430 3190 loco,

279 3217 311 3264 ut
332 3210 389 3264 iam
406 3211 522 3280 Lipsius
546 3221 571 3288 ct
587 3213 685 3268 Haase
708 3213 915 3280 intellexerunt3
943 3213 1014 3280 qaod
1035 3212 1235 3280 quodammodo¹
1249 3213 1307 3264 iam
1322 3210 1354 3264 in
1371 3213 1431 3277 ipso

280 3297 337 3350 cod.
355 3295 378 3352 Α
395 3312 425 3350 eo
443 3298 627 3366 atynificatum
645 3304 692 3367 eet,
720 3299 791 3367 quod
808 3299 843 3352 ab
859 3299 904 3352 his
920 3298 1014 3352 uerbis
1032 3299 1122 3365 spatio
1140 3297 1284 3364 alimento
1301 3299 1337 3351 ab
1355 3303 1430 3351 autc-

279 3382 431 3436 cedentibua
455 3383 555 3438 ditaris
572 3399 648 3438 noua
667 3387 749 3451 quasi
765 3383 848 3438 sectio
865 3383 970 3451 incipit.
1014 3381 1123 3437 Scilicet
1140 3383 1283 3451 archetypi
1298 3383 1430 3436 librarius

279 3485 311 3522 eo
334 3483 383 3522 suo
407 3469 464 3523 loco
489 3471 625 3536 omiserat,
652 3469 749 3523 deinde
771 3471 809 3523 ad
832 3470 931 3524 calcem
950 3471 1073 3537 popinae
1096 3469 1280 3536 suppleuerat,
1306 3468 1377 3521 unde
1400 3483 1429 3520 eo

277 3555 454 3624 irrepserunt,
472 3553 519 3609 cdi
537 3570 609 3607 acac
625 3555 657 3606 in
674 3555 777 3608 nostris
795 3555 870 3608 codd.
890 3561 961 3609 auat.
1018 3555 1036 3607 4
1053 3559 1087 3607 ut
1105 3555 1217 3621 addicit·
1235 3569 1300 3606 aum
1318 3568 1429 3620 sequens

278 3641 410 3694 sententio
433 3640 509 3694 malo
533 3638 611 3694 enim
633 3638 812 3708 respondent
830 3640 880 3694 dac.
899 3640 937 3693 od
959 3641 1010 3695 itta
1027 3641 1160 3705 refertur:
1187 3638 1429 3694 considerandum

278 3729 323 3779 est
338 3767 343 3779 .
359 3766 364 3778 .
379 3724 490 3793 ingenii
517 3723 608 3792 feret,
643 3740 698 3778 non
725 3726 762 3779 ad
789 3727 938 3792 exemplum
963 3725 1161 3794 interpositum.
1282 3725 1428 3778 Isocrates

278 3809 428 3878 Ephorum
454 3809 562 3864 iniecta
588 3826 677 3863 manu
702 3827 760 3878 aaa
788 3810 923 3866 Socrates
950 3810 1061 3879 sephon
1086 3811 1165 3864 lecta
1191 3827 1280 3863 manu
1305 3808 1328 3865 Α

277 3894 425 3968 ‘lfirmam
441 3911 486 3963 cy.
504 3896 618 3950 indeed
636 3894 772 3962 Eraam03
790 3895 886 3964 prima
902 3894 925 3952 Α
942 3897 988 3963 (ex
1004 3911 1030 3963 ρ.
1050 3896 1112 3963 277,
1130 3892 1198 3961 132)
1294 3896 1326 3948 11
1345 3893 1429 3950 effert

277 3995 333 4046 apr
353 3977 478 4035 offertl
581 3981 614 4034 12
631 3981 779 4036 abstinent
795 3980 833 4037 A*
853 3980 883 4046 (b
902 3997 935 4035 ea
952 3997 971 4050 p
990 3981 1069 4048 corr.)
1174 3981 1208 4034 14
1225 3997 1263 4049 eq.
1281 3977 1428 4036 libertatis

278 4063 377 4118 enitet.
420 4064 612 4120 Aestimanda
637 4084 695 4135 cyr
730 4065 877 4122 libertatis
909 4066 970 4132 (sed
995 4085 1009 4120 s
1034 4073 1131 4136 postea
1156 4067 1282 4122 additum
1306 4063 1427 4131 uidetur)

278 4149 407 4204 seuit&
431 4150 594 4220 estimanda
617 4151 639 4208 Α
741 4153 776 4208 15
803 4151 989 4221 adgredimur
1016 4151 1051 4220 Ας
1076 4153 1142 4218 fort.
1169 4151 1373 4222 adgrediemur
1397 4155 1429 4203 ut

275 4252 303 4302 p.
321 4235 383 4300 279,
406 4236 440 4289 18
460 4244 573 4303 propter
594 4253 706 4306 sequeus
722 4240 857 4304 futuram.
963 4238 994 4291 17
1021 4237 1052 4292 in
1070 4243 1170 4292 actore
1188 4255 1275 4306 quam
1292 4235 1428 4304 inopere

276 4321 386 4387 cerebri,
409 4321 465 4375 uid.
484 4320 560 4377 Stud-
580 4324 638 4378 crit.
654 4340 683 4391 p.
702 4327 766 4391 1413
794 4323 925 4378 inactore
936 4365 941 4379 .
952 4328 1010 4392 qua
1027 4323 1147 4379 inuuere
1165 4322 1187 4380 l
1205 4323 1273 4390 (noa
1290 4321 1380 4389 inore,
1398 4327 1430 4375 ut

277 4403 357 4459 Koch
379 4405 472 4474 ἀπίης
499 4406 529 4462 in
553 4408 648 4463 latore
666 4425 754 4477 quam
771 4407 801 4462 in
820 4425 908 4462 onere
925 4409 1084 4477 Pincianus,
1112 4410 1183 4477 quod
1196 4409 1327 4477 probauit
1343 4406 1428 4473 Koch,

278 4491 423 4546 aedlator
444 4493 608 4558 alcidem,
635 4493 682 4561 qui
700 4495 782 4562 leyem
798 4493 861 4560 fert,
889 4509 943 4547 non
959 4494 1073 4562 dicdum
1100 4493 1132 4548 in
1152 4481 1274 4549 'uectore
1293 4510 1381 4562 quam
1398 4491 1428 4544 in

278 4593 365 4631 onere
382 4577 578 4646 Daleeampius
597 4585 622 4633 et
640 4578 806 4643 Gronoua'ua,
824 4579 895 4646 quod
911 4580 1110 4634 commendauit
1126 4576 1246 4634 demate.
1317 4579 1350 4632 19
1366 4583 1429 4632 tam

276 4677 332 4730 “dt
351 4660 410 4716 iam
427 4661 449 4719 l
