3246 5332
419 417 458 458 on
479 415 667 462 cousrlurm
689 421 845 462 serrarius
867 421 986 462 x-xrr.
1235 397 1277 460 39

121 581 294 666 argutias:
329 591 456 667 quanta
485 591 597 650 autem
626 584 797 650 dementia
826 592 878 651 est
906 584 1014 650 isdem
1035 586 1137 653 modo
1161 586 1272 652 deleo·

120 689 202 774 tari,
238 691 338 758 modo
367 691 503 777 offendi,
537 701 572 758 et
599 715 671 760 rem
699 695 741 760 ab
771 695 879 762 amico
909 695 1036 762 dietam
1056 695 1275 762 maledictum

119 821 261 884 uocare,
285 822 305 864 a
326 801 460 866 seruulo
483 801 631 868 ioculare
655 804 860 870 conuicium!

212 907 295 974 XII.
341 909 448 986 Quem
482 911 629 976 animum
661 935 724 978 nos
758 913 919 978 aduersus
948 925 1072 999 pueros
1101 911 1309 996 habemus,1

94 1015 217 1082 chuno
242 1017 377 1104 sapiens
399 1017 560 1084 aduersus
584 1042 710 1105 omnes,
733 1022 854 1107 quibus
879 1022 981 1088 etiam
1002 1029 1081 1108 post
1101 1021 1276 1086 iuuentam

123 1148 301 1211 canosque
333 1127 507 1213 puerilitas
541 1135 602 1196 est.
657 1130 714 1195 An
746 1131 926 1216 quicquam
958 1129 1017 1196 isti
1048 1127 1276 1216 profecerimt,

124 1235 251 1320 quibus
296 1237 459 1320 (puerilis)
504 1239 607 1304 animi
646 1239 735 1305 mela
775 1247 854 1306 sunt
895 1239 1053 1325 auctique
1092 1239 1129 1304 in
1168 1239 1276 1306 maius

125 1365 269 1430 errores,
303 1346 360 1430 qui
388 1368 408 1410 a
435 1347 550 1433 pueris
575 1348 809 1434 magnitudine
837 1355 971 1414 tantum
998 1347 1173 1433 formaque
1203 1371 1275 1414 cor·

125 1475 251 1538 porum
289 1453 463 1540 differimt,
508 1463 658 1524 ceterum
696 1479 765 1524 non
802 1458 913 1523 minus
951 1459 1032 1544 uagi
1070 1456 1274 1542 incertique,

85 1583 110 1620 10
125 1561 355 1648 uoluptatium
397 1555 470 1629 sine
514 1565 642 1632 dilectu
685 1567 903 1653 adpetentes,
958 1565 1085 1653 trepidi
1129 1571 1164 1630 et
1206 1586 1276 1630 non

125 1671 267 1756 ingenio
296 1672 356 1737 sed
384 1671 565 1740 formidine
595 1675 723 1760 quieti?
778 1675 855 1740 Non
882 1675 960 1740 ideo
984 1675 1164 1760 quiequam
1185 1673 1310 1740 intera

126 1779 206 1845 illos
234 1802 425 1866 puerosque
452 1783 617 1849 interesse
645 1785 720 1869 quis
749 1784 880 1867 dixerit,
914 1783 1007 1869 quod
1034 1783 1099 1848 illis
1128 1783 1275 1850 talorum

127 1911 296 1956 nucumue
325 1897 360 1957 et
390 1891 476 1956 aeris
499 1891 620 1958 minuti
642 1893 785 1959 auaritia
808 1901 869 1978 est,
902 1891 956 1958 his
979 1892 1052 1958 auri
1074 1893 1275 1978 argentique

129 2003 165 2061 et
196 1997 345 2084 urbium,
380 2000 472 2084 quod
503 2001 553 2066 illi
584 2002 675 2067 inter
705 2002 798 2088 ipsos
831 2002 1049 2088 magistratus
1082 2007 1208 2086 gerrmt
1240 2008 1276 2066 et

89 2127 114 2164 u
127 2111 341 2191 praetextam
368 2107 546 2196 fascesque
575 2134 614 2178 ac
642 2111 792 2178 tribunal
818 2109 1004 2195 imitantur,
1038 2109 1074 2174 hi
1098 2109 1218 2176 eadem
1238 2110 1275 2174 in

129 2237 249 2302 eampo
276 2215 420 2303 foroque
449 2225 484 2284 et
510 2219 548 2286 iu
576 2221 668 2286 curia
694 2221 782 2286 serio
810 2220 946 2302 ludunt,
978 2219 1028 2284 illi
1055 2219 1092 2282 in
1117 2218 1274 2284 litoribus

128 2321 277 2390 harenae
323 2335 489 2414 congestu
532 2329 711 2394 simulacra
755 2328 915 2395 domuum
953 2328 1117 2411 excitant,
1161 2324 1198 2391 hi
1236 2332 1276 2392 ut

130 2453 289 2518 magnum
329 2436 456 2522 aliquid
495 2445 635 2524 agentes
674 2440 710 2504 in
742 2437 912 2525 lapidibus
945 2459 985 2503 ac
1018 2435 1206 2522 parietibus
1240 2441 1276 2500 et

130 2541 231 2608 tectis
268 2543 449 2612 moliendis
488 2548 646 2634 occupati
683 2547 811 2612 tutelae
851 2567 1030 2632 corporum
1067 2544 1207 2610 inuenta
1238 2543 1275 2608 in

94 2650 316 2735 opericulum
348 2661 532 2722 uerterunt.
597 2656 690 2742 Ergo
722 2678 785 2743 par
811 2640 929 2742 'pueris
962 2653 1164 2740 longiusque
1196 2674 1274 2738 pro·

131 2759 270 2846 gressis,
304 2762 365 2827 sed
393 2763 429 2828 in
458 2763 523 2830 alia
550 2765 746 2850 maioraque
774 2785 868 2830 error
895 2770 956 2828 est.
1012 2761 1091 2828 Non
1116 2760 1310 2828 inmerit03

131 2866 244 2952 itaque
277 2868 397 2936 horum
430 2873 651 2939 contumelias
684 2873 819 2959 sapiens
852 2879 891 2937 ut
922 2871 1017 2936 iooos
1051 2869 1184 2956 accipit.
1228 2869 1275 2934 Et

134 3076 359 3086 ᾕ-

135 3219 150 3270 1
174 3217 285 3273 hisdem
310 3218 332 3275 A
439 3221 457 3275 3
482 3220 610 3277 ioculare
637 3220 801 3276 conuicium
826 3238 885 3290 seqq
920 3216 1228 3288 ioculariffconuicium
1254 3215 1276 3272 A

134 3301 211 3370 (eros.
228 3303 286 3359 uid.
304 3321 320 3360 e
338 3321 399 3360 eum
416 3325 432 3361 c
449 3307 575 3376 liparam)
677 3308 792 3363 tomes
813 3307 835 3364 l
853 3307 971 3374 (aarum
988 3312 1029 3360 est
1042 3309 1181 3372 pomam,
1200 3309 1231 3358 ut
1247 3319 1274 3356 c.

134 3392 149 3443 6
162 3396 226 3457 post
242 3389 436 3461 profecerunt,
454 3395 507 3449 a&
520 3401 587 3462 post
603 3411 725 3460 errores,
743 3396 819 3448 c.12
832 3399 898 3461 post
910 3392 988 3447 inter
1001 3407 1064 3446 esse
1079 3396 1105 3444 et
1117 3388 1276 3456 saepissime

136 3475 209 3543 alita
237 3478 309 3544 quod
329 3475 359 3530 in
382 3479 431 3533 hoc
449 3479 557 3547 quiden
574 3479 690 3548 dioloya
717 3479 766 3533 uti
781 3479 853 3533 netu
869 3478 948 3533 aliud
964 3491 1080 3531 rasurae
1097 3475 1195 3540 subest,
1221 3489 1276 3527 non

135 3561 248 3629 amplius
273 3563 371 3617 notabo
398 3563 537 3618 diuersam
563 3566 708 3621 allectio
734 3565 869 3621 rationem
894 3579 1019 3632 aequem,
1047 3563 1094 3629 qui
1118 3560 1275 3614 huiusmodi

135 3664 248 3702 rasuras
263 3649 427 3716 plerumque,
453 3666 507 3704 non
526 3657 616 3705 tomen
634 3665 744 3718 semper,
771 3650 892 3716 notauit)
995 3649 1011 3702 7
1038 3645 1159 3716 puerilis
1178 3644 1275 3700 addidi

137 3800 208 3856 Smd.
227 3804 284 3857 crit.
301 3820 330 3876 p,
350 3804 384 3858 65
485 3805 577 3873 8an
595 3765 687 3874 pueri⁸
704 3807 783 3871 (coer.
801 3803 866 3868 sort.
883 3819 918 3857 m.
937 3800 1012 3868 1)Α
1117 3799 1149 3853 13
1175 3747 1276 3854 auarid

137 3889 211 3948 (con.
228 3905 260 3942 m.
280 3890 311 3956 2)
337 3888 359 3945 l
480 3891 512 3944 14
529 3888 780 3958 magistratuirerl
900 3887 933 3941 15
950 3883 1156 3956 pretextamil

139 3975 167 4029 17
183 3974 336 4030 simulacra
352 3989 411 4042 uoq
430 3975 569 4030 simulac*
586 3975 607 4032 Α
626 3981 708 4030 leros.
723 3983 755 4030 ut
767 3975 823 4030 aid.
838 3992 879 4040 ra,
898 3974 969 4042 qaod
980 3988 1014 4025 m.
1025 3973 1040 4026 1
1049 3987 1106 4024 aa
1118 3969 1276 4035 addiderat)

320 4089 334 4116 n

231 4129 342 4186 excitat
359 4128 395 4185 Αι
501 4130 534 4184 18
559 4129 638 4198 aliqd
664 4115 802 4200 degentes
829 4127 859 4195 A,
885 4143 954 4183 corr.
972 4143 1016 4196 ay.
1119 4121 1275 4194 inlapidib;

138 4201 328 4286 ac'parietib3
355 4213 385 4282 l,
412 4216 484 4284 quod
509 4231 601 4270 cerum
628 4229 686 4270 esee
704 4213 841 4270 Schultess
868 4221 895 4268 et
913 4213 1015 4267 lturot
1039 4210 1108 4265 miti
1131 4223 1188 4264 noa
1211 4223 1274 4276 per·

138 4307 284 4368 eumenem,
312 4301 437 4369 mumulo
459 4299 520 4354 iure
541 4289 733 4356 correctionem
755 4315 841 4354 ewam
858 4297 934 4353 stud.
954 4297 1041 4352 criti
1068 4297 1083 4352 l.
1103 4295 1276 4364 propositam

137 4387 329 4456 imperatorium
364 4400 437 4440 nunc
469 4385 637 4440 scribendum
670 4386 762 4440 credo:
796 4385 827 4439 in
857 4381 980 4454 lapideis
1011 4381 1173 4452 parietibus

138 4471 168 4523 21
194 4469 243 4525 sed
269 4470 300 4525 in
326 4469 385 4524 alia
402 4468 437 4536 l;
465 4469 515 4524 sed
541 4469 586 4522 his
613 4469 644 4523 in
670 4469 727 4523 alia
751 4466 908 4536 Wesenbero
932 4474 956 4522 et
980 4464 1019 4522 W.
1039 4465 1145 4522 Gemoll
1169 4465 1274 4533 (propr.

139 4553 226 4609 Ottac
244 4556 331 4623 1877),
357 4554 422 4620 fort.
440 4561 516 4624 recte,
538 4571 701 4623 quamquem
717 4555 762 4610 tic
779 4570 881 4622 qaoque
898 4552 1000 4607 Seneca
1017 4553 1075 4620 ipse
1091 4551 1275 4618 macyatus

140 4639 247 4695 retbere
260 4640 359 4708 potuit
463 4639 597 4696 inmerim
616 4640 637 4696 l
655 4641 722 4706 (non
740 4638 897 4702 immerito)
