<?xml version="1.0" encoding="UTF-8"?>
<!DOCTYPE html PUBLIC "-//W3C//DTD XHTML 1.0 Transitional//EN"
    "http://www.w3.org/TR/xhtml1/DTD/xhtml1-transitional.dtd">
<html xmlns="http://www.w3.org/1999/xhtml" xml:lang="en" lang="en">
 <head>
  <title>
</title>
<meta http-equiv="Content-Type" content="text/html;charset=utf-8" />
  <meta name='ocr-system' content='tesseract 3.04.00' />
  <meta name='ocr-capabilities' content='ocr_page ocr_carea ocr_par ocr_line ocrx_word'/>
</head>
<body>
  <div class='ocr_page' id='page_1' title='image "./lannaeisenecaed00ambrgoog_0058.png"; bbox 0 0 3144 5344; ppageno 0'>
   <div class='ocr_carea' id='block_1_1' title="bbox 1095 418 1244 478">
    <p class='ocr_par' dir='ltr' id='par_1_1' title="bbox 1095 418 1244 478">
     <span class='ocr_line' id='line_1_1' title="bbox 1095 418 1244 478; baseline 0 0"><span class='ocrx_word' id='word_1_1' title='bbox 1095 418 1244 478; x_wconf 89' lang='lat' dir='ltr'>XXXIII</span> 
     </span>
    </p>
   </div>
   <div class='ocr_carea' id='block_1_2' title="bbox 83 605 1244 1917">
    <p class='ocr_par' dir='ltr' id='par_1_2' title="bbox 83 605 1244 1917">
     <span class='ocr_line' id='line_1_2' title="bbox 83 605 1244 684; baseline 0.003 -20"><span class='ocrx_word' id='word_1_2' title='bbox 83 611 213 664; x_wconf 87' lang='lat' dir='ltr'>tantum</span> <span class='ocrx_word' id='word_1_3' title='bbox 228 623 269 680; x_wconf 69' lang='lat' dir='ltr'>up</span> <span class='ocrx_word' id='word_1_4' title='bbox 280 649 287 662; x_wconf 91' lang='lat'>.</span> <span class='ocrx_word' id='word_1_5' title='bbox 300 605 418 684; x_wconf 75' lang='lat' dir='ltr'>scripsi,</span> <span class='ocrx_word' id='word_1_6' title='bbox 442 606 571 665; x_wconf 84' lang='lat' dir='ltr'>maxime</span> <span class='ocrx_word' id='word_1_7' title='bbox 589 606 641 665; x_wconf 92' lang='lat' dir='ltr'>ubi</span> <span class='ocrx_word' id='word_1_8' title='bbox 659 607 827 684; x_wconf 85' lang='lat' dir='ltr'>scripturae</span> <span class='ocrx_word' id='word_1_9' title='bbox 849 606 894 665; x_wconf 88' lang='lat' dir='ltr'>sic</span> <span class='ocrx_word' id='word_1_10' title='bbox 916 613 1038 666; x_wconf 86' lang='lat' dir='ltr'>notatae</span> <span class='ocrx_word' id='word_1_11' title='bbox 1057 607 1115 666; x_wconf 86' lang='lat' dir='ltr'>iam</span> <span class='ocrx_word' id='word_1_12' title='bbox 1133 607 1164 666; x_wconf 88' lang='lat' dir='ltr'>in</span> <span class='ocrx_word' id='word_1_13' title='bbox 1181 607 1244 668; x_wconf 85' lang='lat' dir='ltr'>edi·</span> 
     </span>
     <span class='ocr_line' id='line_1_3' title="bbox 84 708 1241 788; baseline 0.005 -22"><span class='ocrx_word' id='word_1_14' title='bbox 84 709 227 767; x_wconf 79' lang='lat' dir='ltr'>tionibus</span> <span class='ocrx_word' id='word_1_15' title='bbox 261 709 480 786; x_wconf 87' lang='lat' dir='ltr'>antiquissimis</span> <span class='ocrx_word' id='word_1_16' title='bbox 513 717 582 768; x_wconf 88' lang='lat' dir='ltr'>ante</span> <span class='ocrx_word' id='word_1_17' title='bbox 612 709 773 768; x_wconf 82' lang='lat' dir='ltr'>Erasmum</span> <span class='ocrx_word' id='word_1_18' title='bbox 805 708 968 788; x_wconf 86' lang='lat' dir='ltr'>publicatis</span> <span class='ocrx_word' id='word_1_19' title='bbox 1001 709 1241 772; x_wconf 87' lang='lat' dir='ltr'>inueniebantur.</span> 
     </span>
     <span class='ocr_line' id='line_1_4' title="bbox 87 811 1243 891; baseline 0.003 -19"><span class='ocrx_word' id='word_1_20' title='bbox 87 813 184 884; x_wconf 83' lang='lat' dir='ltr'>Quod</span> <span class='ocrx_word' id='word_1_21' title='bbox 207 812 246 872; x_wconf 91' lang='lat' dir='ltr'>ad</span> <span class='ocrx_word' id='word_1_22' title='bbox 269 832 320 872; x_wconf 87' lang='lat' dir='ltr'>eas</span> <span class='ocrx_word' id='word_1_23' title='bbox 343 813 533 872; x_wconf 87' lang='lat' dir='ltr'>coniecturas</span> <span class='ocrx_word' id='word_1_24' title='bbox 555 813 672 888; x_wconf 75' lang='lat' dir='ltr'><strong>attinet,</strong></span> <span class='ocrx_word' id='word_1_25' title='bbox 696 832 772 888; x_wconf 90' lang='lat' dir='ltr'>quas</span> <span class='ocrx_word' id='word_1_26' title='bbox 793 813 860 891; x_wconf 90' lang='lat' dir='ltr'>ipse</span> <span class='ocrx_word' id='word_1_27' title='bbox 881 811 1041 891; x_wconf 81' lang='lat' dir='ltr'>proposui,</span> <span class='ocrx_word' id='word_1_28' title='bbox 1070 832 1173 874; x_wconf 86' lang='lat' dir='ltr'>earum</span> <span class='ocrx_word' id='word_1_29' title='bbox 1195 836 1243 875; x_wconf 85' lang='lat' dir='ltr'>ra·</span> 
     </span>
     <span class='ocr_line' id='line_1_5' title="bbox 86 911 1241 996; baseline 0.003 -22"><span class='ocrx_word' id='word_1_30' title='bbox 86 917 208 975; x_wconf 86' lang='lat' dir='ltr'>tionem</span> <span class='ocrx_word' id='word_1_31' title='bbox 235 916 287 975; x_wconf 92' lang='lat' dir='ltr'>uel</span> <span class='ocrx_word' id='word_1_32' title='bbox 314 914 345 974; x_wconf 90' lang='lat' dir='ltr'>in</span> <span class='ocrx_word' id='word_1_33' title='bbox 374 915 578 994; x_wconf 86' lang='lat' dir='ltr'>disputatione</span> <span class='ocrx_word' id='word_1_34' title='bbox 604 935 686 992; x_wconf 88' lang='lat' dir='ltr'>mea,</span> <span class='ocrx_word' id='word_1_35' title='bbox 715 935 804 991; x_wconf 88' lang='lat' dir='ltr'>quam</span> <span class='ocrx_word' id='word_1_36' title='bbox 833 935 925 994; x_wconf 91' lang='lat' dir='ltr'>supra</span> <span class='ocrx_word' id='word_1_37' title='bbox 947 911 988 992; x_wconf 83' lang='lat' dir='ltr'>(p</span> <span class='ocrx_word' id='word_1_38' title='bbox 1012 911 1053 988; x_wconf 88' lang='lat' dir='ltr'>V)</span> <span class='ocrx_word' id='word_1_39' title='bbox 1080 918 1241 996; x_wconf 91' lang='lat' dir='ltr'>nominaui,</span> 
     </span>
     <span class='ocr_line' id='line_1_6' title="bbox 87 1017 1242 1098; baseline 0.007 -22"><span class='ocrx_word' id='word_1_40' title='bbox 87 1017 141 1078; x_wconf 93' lang='lat' dir='ltr'>uel</span> <span class='ocrx_word' id='word_1_41' title='bbox 163 1019 197 1076; x_wconf 91' lang='lat' dir='ltr'>in</span> <span class='ocrx_word' id='word_1_42' title='bbox 219 1018 432 1078; x_wconf 84' lang='lat' dir='ltr'>commentario</span> <span class='ocrx_word' id='word_1_43' title='bbox 454 1019 558 1078; x_wconf 89' lang='lat' dir='ltr'>critico</span> <span class='ocrx_word' id='word_1_44' title='bbox 586 1019 718 1094; x_wconf 86' lang='lat' dir='ltr'>reddidi,</span> <span class='ocrx_word' id='word_1_45' title='bbox 752 1018 875 1098; x_wconf 77' lang='lat' dir='ltr'>paucis&#39;</span> <span class='ocrx_word' id='word_1_46' title='bbox 888 1018 1038 1097; x_wconf 86' lang='lat' dir='ltr'>exceptis,</span> <span class='ocrx_word' id='word_1_47' title='bbox 1071 1019 1103 1079; x_wconf 95' lang='lat' dir='ltr'>in</span> <span class='ocrx_word' id='word_1_48' title='bbox 1132 1023 1242 1097; x_wconf 89' lang='lat' dir='ltr'>quibus</span> 
     </span>
     <span class='ocr_line' id='line_1_7' title="bbox 87 1120 1242 1200; baseline 0.006 -21"><span class='ocrx_word' id='word_1_49' title='bbox 87 1122 149 1180; x_wconf 88' lang='lat' dir='ltr'>hoc</span> <span class='ocrx_word' id='word_1_50' title='bbox 173 1139 433 1198; x_wconf 85' lang='lat' dir='ltr'>superuacaneum</span> <span class='ocrx_word' id='word_1_51' title='bbox 456 1141 524 1181; x_wconf 85' lang='lat' dir='ltr'>esse</span> <span class='ocrx_word' id='word_1_52' title='bbox 545 1123 699 1200; x_wconf 88' lang='lat' dir='ltr'>putabam.</span> <span class='ocrx_word' id='word_1_53' title='bbox 744 1122 783 1181; x_wconf 92' lang='lat' dir='ltr'>In</span> <span class='ocrx_word' id='word_1_54' title='bbox 800 1129 943 1181; x_wconf 85' lang='lat' dir='ltr'>contextu</span> <span class='ocrx_word' id='word_1_55' title='bbox 959 1120 1069 1181; x_wconf 88' lang='lat' dir='ltr'>litteris</span> <span class='ocrx_word' id='word_1_56' title='bbox 1088 1123 1242 1186; x_wconf 88' lang='lat' dir='ltr'>inclinatis</span> 
     </span>
     <span class='ocr_line' id='line_1_8' title="bbox 88 1219 1241 1306; baseline 0.005 -24"><span class='ocrx_word' id='word_1_57' title='bbox 88 1245 127 1282; x_wconf 89' lang='lat' dir='ltr'>ea</span> <span class='ocrx_word' id='word_1_58' title='bbox 156 1224 277 1301; x_wconf 84' lang='lat' dir='ltr'>signaui</span> <span class='ocrx_word' id='word_1_59' title='bbox 304 1225 398 1284; x_wconf 88' lang='lat' dir='ltr'>uerba</span> <span class='ocrx_word' id='word_1_60' title='bbox 426 1223 614 1303; x_wconf 89' lang='lat' dir='ltr'>(plerumque</span> <span class='ocrx_word' id='word_1_61' title='bbox 643 1225 730 1284; x_wconf 85' lang='lat' dir='ltr'>uncis</span> <span class='ocrx_word' id='word_1_62' title='bbox 753 1219 792 1300; x_wconf 86' lang='lat'>()</span> <span class='ocrx_word' id='word_1_63' title='bbox 814 1223 942 1294; x_wconf 85' lang='lat' dir='ltr'>inclusa)</span> <span class='ocrx_word' id='word_1_64' title='bbox 972 1243 1084 1300; x_wconf 90' lang='lat' dir='ltr'>easque</span> <span class='ocrx_word' id='word_1_65' title='bbox 1112 1227 1241 1306; x_wconf 78' lang='lat' dir='ltr'>litteras,</span> 
     </span>
     <span class='ocr_line' id='line_1_9' title="bbox 87 1325 1240 1406; baseline 0.006 -23"><span class='ocrx_word' id='word_1_66' title='bbox 87 1346 170 1401; x_wconf 91' lang='lat' dir='ltr'>quae</span> <span class='ocrx_word' id='word_1_67' title='bbox 190 1333 311 1404; x_wconf 89' lang='lat' dir='ltr'>praeter</span> <span class='ocrx_word' id='word_1_68' title='bbox 328 1327 442 1388; x_wconf 91' lang='lat' dir='ltr'>codicis</span> <span class='ocrx_word' id='word_1_69' title='bbox 452 1327 647 1388; x_wconf 84' lang='lat' dir='ltr'>Ambrosiani</span> <span class='ocrx_word' id='word_1_70' title='bbox 663 1325 754 1387; x_wconf 89' lang='lat' dir='ltr'>fidem</span> <span class='ocrx_word' id='word_1_71' title='bbox 778 1326 882 1386; x_wconf 88' lang='lat' dir='ltr'>addita</span> <span class='ocrx_word' id='word_1_72' title='bbox 904 1334 956 1387; x_wconf 90' lang='lat' dir='ltr'>aut</span> <span class='ocrx_word' id='word_1_73' title='bbox 978 1334 1095 1388; x_wconf 84' lang='lat' dir='ltr'>mutata</span> <span class='ocrx_word' id='word_1_74' title='bbox 1117 1328 1240 1406; x_wconf 88' lang='lat' dir='ltr'>sunt*);</span> 
     </span>
     <span class='ocr_line' id='line_1_10' title="bbox 88 1428 1241 1508; baseline 0.006 -21"><span class='ocrx_word' id='word_1_75' title='bbox 88 1428 223 1488; x_wconf 88' lang='lat' dir='ltr'>stellulis</span> <span class='ocrx_word' id='word_1_76' title='bbox 250 1429 388 1507; x_wconf 89' lang='lat' dir='ltr'>pluribus</span> <span class='ocrx_word' id='word_1_77' title='bbox 413 1429 554 1507; x_wconf 87' lang='lat' dir='ltr'>lacunas,</span> <span class='ocrx_word' id='word_1_78' title='bbox 585 1430 711 1508; x_wconf 84' lang='lat' dir='ltr'>singulis</span> <span class='ocrx_word' id='word_1_79' title='bbox 733 1429 985 1508; x_wconf 82' lang='lat' dir='ltr'>transpositiones</span> <span class='ocrx_word' id='word_1_80' title='bbox 1007 1430 1138 1492; x_wconf 91' lang='lat' dir='ltr'>maiores</span> <span class='ocrx_word' id='word_1_81' title='bbox 1164 1434 1241 1494; x_wconf 90' lang='lat' dir='ltr'>indi-</span> 
     </span>
     <span class='ocr_line' id='line_1_11' title="bbox 89 1529 1240 1612; baseline 0.007 -23"><span class='ocrx_word' id='word_1_82' title='bbox 89 1532 169 1606; x_wconf 89' lang='lat' dir='ltr'>caui,</span> <span class='ocrx_word' id='word_1_83' title='bbox 194 1531 334 1591; x_wconf 88' lang='lat' dir='ltr'>crucibus</span> <span class='ocrx_word' id='word_1_84' title='bbox 352 1529 395 1607; x_wconf 85' lang='lat'>(†)</span> <span class='ocrx_word' id='word_1_85' title='bbox 412 1533 507 1592; x_wconf 88' lang='lat' dir='ltr'>uerba</span> <span class='ocrx_word' id='word_1_86' title='bbox 524 1541 676 1611; x_wconf 88' lang='lat' dir='ltr'>corrupta,</span> <span class='ocrx_word' id='word_1_87' title='bbox 700 1552 826 1608; x_wconf 88' lang='lat' dir='ltr'>quorum</span> <span class='ocrx_word' id='word_1_88' title='bbox 849 1531 947 1592; x_wconf 88' lang='lat' dir='ltr'>adhuc</span> <span class='ocrx_word' id='word_1_89' title='bbox 969 1532 1051 1591; x_wconf 88' lang='lat' dir='ltr'>nulle</span> <span class='ocrx_word' id='word_1_90' title='bbox 1072 1536 1240 1612; x_wconf 87' lang='lat' dir='ltr'>probabilis</span> 
     </span>
     <span class='ocr_line' id='line_1_12' title="bbox 90 1633 1241 1716; baseline 0.007 -24"><span class='ocrx_word' id='word_1_91' title='bbox 90 1633 264 1694; x_wconf 78' lang='lat' dir='ltr'>emendatio</span> <span class='ocrx_word' id='word_1_92' title='bbox 292 1635 449 1712; x_wconf 88' lang='lat' dir='ltr'>proposita</span> <span class='ocrx_word' id='word_1_93' title='bbox 471 1643 533 1710; x_wconf 85' lang='lat' dir='ltr'>est;</span> <span class='ocrx_word' id='word_1_94' title='bbox 567 1655 663 1694; x_wconf 90' lang='lat' dir='ltr'>uncos</span> <span class='ocrx_word' id='word_1_95' title='bbox 687 1633 721 1710; x_wconf 91' lang='lat'>[]</span> <span class='ocrx_word' id='word_1_96' title='bbox 744 1655 812 1694; x_wconf 86' lang='lat' dir='ltr'>raro</span> <span class='ocrx_word' id='word_1_97' title='bbox 834 1635 938 1714; x_wconf 88' lang='lat' dir='ltr'>posui,</span> <span class='ocrx_word' id='word_1_98' title='bbox 966 1643 1002 1695; x_wconf 92' lang='lat' dir='ltr'>ut</span> <span class='ocrx_word' id='word_1_99' title='bbox 1024 1639 1132 1713; x_wconf 88' lang='lat' dir='ltr'>uerba,</span> <span class='ocrx_word' id='word_1_100' title='bbox 1164 1660 1241 1716; x_wconf 85' lang='lat' dir='ltr'>quae</span> 
     </span>
     <span class='ocr_line' id='line_1_13' title="bbox 90 1737 1240 1820; baseline 0.007 -25"><span class='ocrx_word' id='word_1_101' title='bbox 90 1737 198 1814; x_wconf 88' lang='lat' dir='ltr'>spuria</span> <span class='ocrx_word' id='word_1_102' title='bbox 224 1737 297 1796; x_wconf 91' lang='lat' dir='ltr'>mihi</span> <span class='ocrx_word' id='word_1_103' title='bbox 323 1737 520 1813; x_wconf 88' lang='lat' dir='ltr'>uidebantur,</span> <span class='ocrx_word' id='word_1_104' title='bbox 549 1758 715 1815; x_wconf 68' lang='lat' dir='ltr'>argmerem.</span> <span class='ocrx_word' id='word_1_105' title='bbox 770 1739 809 1796; x_wconf 90' lang='lat' dir='ltr'>In</span> <span class='ocrx_word' id='word_1_106' title='bbox 830 1738 1043 1817; x_wconf 85' lang='lat' dir='ltr'>Discrepantia</span> <span class='ocrx_word' id='word_1_107' title='bbox 1072 1741 1240 1820; x_wconf 78' lang='lat' dir='ltr'>scripturae</span> 
     </span>
     <span class='ocr_line' id='line_1_14' title="bbox 88 1838 1241 1917; baseline 0.007 -20"><span class='ocrx_word' id='word_1_108' title='bbox 88 1839 203 1898; x_wconf 87' lang='lat' dir='ltr'>lineola</span> <span class='ocrx_word' id='word_1_109' title='bbox 227 1838 231 1912; x_wconf 97' lang='grc' dir='ltr'>Ι</span> <span class='ocrx_word' id='word_1_110' title='bbox 256 1858 363 1900; x_wconf 87' lang='lat' dir='ltr'>uersus</span> <span class='ocrx_word' id='word_1_111' title='bbox 395 1838 486 1899; x_wconf 90' lang='lat' dir='ltr'>finem</span> <span class='ocrx_word' id='word_1_112' title='bbox 518 1840 549 1899; x_wconf 91' lang='lat' dir='ltr'>in</span> <span class='ocrx_word' id='word_1_113' title='bbox 583 1839 687 1900; x_wconf 90' lang='lat' dir='ltr'>codice</span> <span class='ocrx_word' id='word_1_114' title='bbox 716 1841 916 1901; x_wconf 84' lang='lat' dir='ltr'>Ambrosiano</span> <span class='ocrx_word' id='word_1_115' title='bbox 950 1841 1078 1917; x_wconf 89' lang='lat' dir='ltr'>indicet,</span> <span class='ocrx_word' id='word_1_116' title='bbox 1117 1845 1241 1905; x_wconf 88' lang='lat' dir='ltr'>stellula</span> 
     </span>
    </p>
   </div>
   <div class='ocr_carea' id='block_1_3' title="bbox 88 1943 1337 2022">
    <p class='ocr_par' dir='ltr' id='par_1_3' title="bbox 88 1943 1337 2022">
     <span class='ocr_line' id='line_1_15' title="bbox 88 1943 1337 2022; baseline 0.006 -21"><span class='ocrx_word' id='word_1_117' title='bbox 88 1961 229 2016; x_wconf 87' lang='lat' dir='ltr'>rasuras;</span> <span class='ocrx_word' id='word_1_118' title='bbox 253 1943 373 2002; x_wconf 84' lang='lat' dir='ltr'>litterae</span> <span class='ocrx_word' id='word_1_119' title='bbox 389 1943 550 2003; x_wconf 87' lang='lat' dir='ltr'>inclinatae</span> <span class='ocrx_word' id='word_1_120' title='bbox 567 1944 640 2019; x_wconf 89' lang='lat' dir='ltr'>quid</span> <span class='ocrx_word' id='word_1_121' title='bbox 662 1943 842 2021; x_wconf 85' lang='lat' dir='ltr'>significent,</span> <span class='ocrx_word' id='word_1_122' title='bbox 866 1964 959 2022; x_wconf 87' lang='lat' dir='ltr'>supra</span> <span class='ocrx_word' id='word_1_123' title='bbox 981 1944 1052 2004; x_wconf 90' lang='lat' dir='ltr'>dixi.</span> <span class='ocrx_word' id='word_1_124' title='bbox 1098 1945 1240 2007; x_wconf 78' lang='lat' dir='ltr'>Ceterum</span> <span class='ocrx_word' id='word_1_125' title='bbox 1333 1990 1337 1996; x_wconf 93' lang='lat'>-</span> 
     </span>
    </p>
   </div>
   <div class='ocr_carea' id='block_1_4' title="bbox 88 2045 1237 2224">
    <p class='ocr_par' dir='ltr' id='par_1_4' title="bbox 88 2045 1237 2224">
     <span class='ocr_line' id='line_1_16' title="bbox 89 2045 1237 2127; baseline 0.007 -25"><span class='ocrx_word' id='word_1_126' title='bbox 89 2045 204 2120; x_wconf 87' lang='lat' dir='ltr'>ubique</span> <span class='ocrx_word' id='word_1_127' title='bbox 226 2045 436 2124; x_wconf 79' lang='lat' dir='ltr'>perspicuitati</span> <span class='ocrx_word' id='word_1_128' title='bbox 457 2066 506 2104; x_wconf 90' lang='lat' dir='ltr'>me</span> <span class='ocrx_word' id='word_1_129' title='bbox 535 2046 722 2106; x_wconf 87' lang='lat' dir='ltr'>consuluisse</span> <span class='ocrx_word' id='word_1_130' title='bbox 746 2046 851 2121; x_wconf 93' lang='lat' dir='ltr'>credo,</span> <span class='ocrx_word' id='word_1_131' title='bbox 885 2047 977 2106; x_wconf 89' lang='lat' dir='ltr'>etiam</span> <span class='ocrx_word' id='word_1_132' title='bbox 999 2047 1027 2106; x_wconf 91' lang='lat' dir='ltr'>si</span> <span class='ocrx_word' id='word_1_133' title='bbox 1048 2049 1105 2108; x_wconf 89' lang='lat' dir='ltr'>hoc</span> <span class='ocrx_word' id='word_1_134' title='bbox 1128 2071 1237 2127; x_wconf 86' lang='lat' dir='ltr'>aequa·</span> 
     </span>
     <span class='ocr_line' id='line_1_17' title="bbox 88 2146 652 2224; baseline 0.004 -20"><span class='ocrx_word' id='word_1_135' title='bbox 88 2146 185 2205; x_wconf 86' lang='lat' dir='ltr'>litatis</span> <span class='ocrx_word' id='word_1_136' title='bbox 207 2147 359 2224; x_wconf 89' lang='lat' dir='ltr'>impendio</span> <span class='ocrx_word' id='word_1_137' title='bbox 382 2146 555 2208; x_wconf 84' lang='lat' dir='ltr'>iaciendum</span> <span class='ocrx_word' id='word_1_138' title='bbox 578 2157 652 2208; x_wconf 89' lang='lat' dir='ltr'>erat.</span> 
     </span>
    </p>
   </div>
   <div class='ocr_carea' id='block_1_5' title="bbox 551 2333 780 2343">
    <p class='ocr_par' dir='ltr' id='par_1_5' title="bbox 551 2333 780 2343">
     <span class='ocr_line' id='line_1_18' title="bbox 551 2333 780 2343; baseline 0.017 -4"><span class='ocrx_word' id='word_1_139' title='bbox 551 2333 780 2343; x_wconf 77' lang='lat'><strong>——-—.—</strong></span> 
     </span>
    </p>
   </div>
   <div class='ocr_carea' id='block_1_6' title="bbox 89 2454 1306 3463">
    <p class='ocr_par' dir='ltr' id='par_1_6' title="bbox 89 2454 1306 3463">
     <span class='ocr_line' id='line_1_19' title="bbox 175 2454 1237 2535; baseline 0.009 -23"><span class='ocrx_word' id='word_1_140' title='bbox 175 2454 301 2530; x_wconf 82' lang='lat' dir='ltr'>Restat,</span> <span class='ocrx_word' id='word_1_141' title='bbox 340 2461 375 2513; x_wconf 87' lang='lat' dir='ltr'>ut</span> <span class='ocrx_word' id='word_1_142' title='bbox 408 2475 475 2513; x_wconf 89' lang='lat' dir='ltr'>cum</span> <span class='ocrx_word' id='word_1_143' title='bbox 508 2455 699 2516; x_wconf 85' lang='lat' dir='ltr'>Instituto</span> <span class='ocrx_word' id='word_1_144' title='bbox 733 2455 1003 2535; x_wconf 82' lang='lat' dir='ltr'>Garlsbergico</span> <span class='ocrx_word' id='word_1_145' title='bbox 1043 2468 1108 2520; x_wconf 85' lang='lat' dir='ltr'>tum</span> <span class='ocrx_word' id='word_1_146' title='bbox 1146 2463 1237 2523; x_wconf 86' lang='lat' dir='ltr'>etiam</span> 
     </span>
     <span class='ocr_line' id='line_1_20' title="bbox 90 2554 1237 2640; baseline 0.011 -27"><span class='ocrx_word' id='word_1_147' title='bbox 90 2554 297 2615; x_wconf 84' lang='lat' dir='ltr'>Frederico</span> <span class='ocrx_word' id='word_1_148' title='bbox 330 2557 511 2635; x_wconf 89' lang='lat' dir='ltr'>Hegelio,</span> <span class='ocrx_word' id='word_1_149' title='bbox 552 2559 764 2619; x_wconf 86' lang='lat' dir='ltr'>honestissimo</span> <span class='ocrx_word' id='word_1_150' title='bbox 803 2560 944 2621; x_wconf 80' lang='lat' dir='ltr'>librariae</span> <span class='ocrx_word' id='word_1_151' title='bbox 978 2561 1237 2640; x_wconf 76' lang='lat' dir='ltr'>Gyldendalianae</span> 
     </span>
     <span class='ocr_line' id='line_1_21' title="bbox 89 2656 1237 2739; baseline 0.01 -24"><span class='ocrx_word' id='word_1_152' title='bbox 89 2656 259 2735; x_wconf 87' lang='lat' dir='ltr'>praefecto,</span> <span class='ocrx_word' id='word_1_153' title='bbox 292 2659 438 2719; x_wconf 85' lang='lat' dir='ltr'>maximas</span> <span class='ocrx_word' id='word_1_154' title='bbox 460 2661 575 2738; x_wconf 83' lang='lat' dir='ltr'>gratias</span> <span class='ocrx_word' id='word_1_155' title='bbox 597 2683 702 2739; x_wconf 83' lang='lat' dir='ltr'>egam,</span> <span class='ocrx_word' id='word_1_156' title='bbox 731 2683 859 2739; x_wconf 90' lang='lat' dir='ltr'>quorum</span> <span class='ocrx_word' id='word_1_157' title='bbox 887 2664 1070 2725; x_wconf 87' lang='lat' dir='ltr'>liberalitate</span> <span class='ocrx_word' id='word_1_158' title='bbox 1092 2666 1237 2728; x_wconf 86' lang='lat' dir='ltr'>effectum</span> 
     </span>
     <span class='ocr_line' id='line_1_22' title="bbox 91 2757 1306 2844; baseline 0.011 -26"><span class='ocrx_word' id='word_1_159' title='bbox 91 2766 146 2834; x_wconf 91' lang='lat' dir='ltr'>est,</span> <span class='ocrx_word' id='word_1_160' title='bbox 169 2767 203 2818; x_wconf 90' lang='lat' dir='ltr'>ut</span> <span class='ocrx_word' id='word_1_161' title='bbox 223 2761 304 2820; x_wconf 89' lang='lat' dir='ltr'>hunc</span> <span class='ocrx_word' id='word_1_162' title='bbox 326 2762 445 2838; x_wconf 86' lang='lat' dir='ltr'>librum,</span> <span class='ocrx_word' id='word_1_163' title='bbox 467 2763 499 2821; x_wconf 91' lang='lat' dir='ltr'>id</span> <span class='ocrx_word' id='word_1_164' title='bbox 522 2765 603 2840; x_wconf 91' lang='lat' dir='ltr'>quod</span> <span class='ocrx_word' id='word_1_165' title='bbox 624 2765 684 2823; x_wconf 88' lang='lat' dir='ltr'>iam</span> <span class='ocrx_word' id='word_1_166' title='bbox 705 2763 770 2824; x_wconf 86' lang='lat' dir='ltr'>fere</span> <span class='ocrx_word' id='word_1_167' title='bbox 788 2765 1031 2844; x_wconf 89' lang='lat' dir='ltr'>desperaueram,</span> <span class='ocrx_word' id='word_1_168' title='bbox 1055 2768 1145 2829; x_wconf 90' lang='lat' dir='ltr'>cdere</span> <span class='ocrx_word' id='word_1_169' title='bbox 1163 2771 1236 2830; x_wconf 90' lang='lat' dir='ltr'>mihi</span> <span class='ocrx_word' id='word_1_170' title='bbox 1303 2757 1306 2763; x_wconf 38' lang='lat'>¹</span> 
     </span>
     <span class='ocr_line' id='line_1_23' title="bbox 90 2863 1235 2950; baseline 0.01 -29"><span class='ocrx_word' id='word_1_171' title='bbox 90 2863 286 2940; x_wconf 84' lang='lat' dir='ltr'>contingeret.</span> <span class='ocrx_word' id='word_1_172' title='bbox 341 2863 482 2926; x_wconf 89' lang='lat' dir='ltr'>Omnium</span> <span class='ocrx_word' id='word_1_173' title='bbox 505 2866 639 2927; x_wconf 84' lang='lat' dir='ltr'>Senecae</span> <span class='ocrx_word' id='word_1_174' title='bbox 661 2887 786 2945; x_wconf 90' lang='lat' dir='ltr'>operum</span> <span class='ocrx_word' id='word_1_175' title='bbox 809 2868 993 2929; x_wconf 88' lang='lat' dir='ltr'>edendorum</span> <span class='ocrx_word' id='word_1_176' title='bbox 1015 2891 1115 2950; x_wconf 90' lang='lat' dir='ltr'>spem,</span> <span class='ocrx_word' id='word_1_177' title='bbox 1145 2892 1235 2949; x_wconf 91' lang='lat' dir='ltr'>quam</span> 
     </span>
     <span class='ocr_line' id='line_1_24' title="bbox 91 2964 1234 3048; baseline 0.012 -26"><span class='ocrx_word' id='word_1_178' title='bbox 91 2964 160 3022; x_wconf 89' lang='lat' dir='ltr'>olim</span> <span class='ocrx_word' id='word_1_179' title='bbox 181 2964 333 3042; x_wconf 86' lang='lat' dir='ltr'>foueram,</span> <span class='ocrx_word' id='word_1_180' title='bbox 366 2969 469 3028; x_wconf 91' lang='lat' dir='ltr'>nescio</span> <span class='ocrx_word' id='word_1_181' title='bbox 492 2990 530 3029; x_wconf 88' lang='lat' dir='ltr'>an</span> <span class='ocrx_word' id='word_1_182' title='bbox 552 2990 647 3046; x_wconf 91' lang='lat' dir='ltr'>nunc,</span> <span class='ocrx_word' id='word_1_183' title='bbox 677 2980 748 3048; x_wconf 83' lang='lat' dir='ltr'>post</span> <span class='ocrx_word' id='word_1_184' title='bbox 777 2972 875 3032; x_wconf 89' lang='lat' dir='ltr'>editos</span> <span class='ocrx_word' id='word_1_185' title='bbox 901 2973 995 3033; x_wconf 89' lang='lat' dir='ltr'>libros</span> <span class='ocrx_word' id='word_1_186' title='bbox 1018 2973 1056 3033; x_wconf 91' lang='lat' dir='ltr'>de</span> <span class='ocrx_word' id='word_1_187' title='bbox 1077 2975 1234 3037; x_wconf 87' lang='lat' dir='ltr'>beneficir&#39;s</span> 
     </span>
     <span class='ocr_line' id='line_1_25' title="bbox 92 3067 1235 3154; baseline 0.013 -30"><span class='ocrx_word' id='word_1_188' title='bbox 92 3073 122 3125; x_wconf 92' lang='lat' dir='ltr'>et</span> <span class='ocrx_word' id='word_1_189' title='bbox 148 3067 185 3125; x_wconf 94' lang='lat' dir='ltr'>de</span> <span class='ocrx_word' id='word_1_190' title='bbox 213 3068 372 3129; x_wconf 88' lang='lat' dir='ltr'>clementia</span> <span class='ocrx_word' id='word_1_191' title='bbox 398 3071 513 3148; x_wconf 89' lang='lat' dir='ltr'>hosque</span> <span class='ocrx_word' id='word_1_192' title='bbox 536 3072 723 3150; x_wconf 84' lang='lat' dir='ltr'>dialogorum</span> <span class='ocrx_word' id='word_1_193' title='bbox 744 3073 855 3150; x_wconf 91' lang='lat' dir='ltr'>libros,</span> <span class='ocrx_word' id='word_1_194' title='bbox 890 3076 1009 3136; x_wconf 87' lang='lat' dir='ltr'>abicere</span> <span class='ocrx_word' id='word_1_195' title='bbox 1032 3096 1141 3154; x_wconf 84' lang='lat' dir='ltr'>cogar,</span> <span class='ocrx_word' id='word_1_196' title='bbox 1174 3099 1235 3140; x_wconf 94' lang='lat' dir='ltr'>non</span> 
     </span>
     <span class='ocr_line' id='line_1_26' title="bbox 91 3168 1234 3258; baseline 0.013 -32"><span class='ocrx_word' id='word_1_197' title='bbox 91 3168 170 3244; x_wconf 91' lang='lat' dir='ltr'>quod</span> <span class='ocrx_word' id='word_1_198' title='bbox 190 3169 248 3229; x_wconf 92' lang='lat' dir='ltr'>hoo</span> <span class='ocrx_word' id='word_1_199' title='bbox 270 3191 379 3231; x_wconf 90' lang='lat' dir='ltr'>munus</span> <span class='ocrx_word' id='word_1_200' title='bbox 401 3173 474 3232; x_wconf 91' lang='lat' dir='ltr'>mihi</span> <span class='ocrx_word' id='word_1_201' title='bbox 494 3174 593 3233; x_wconf 91' lang='lat' dir='ltr'>minus</span> <span class='ocrx_word' id='word_1_202' title='bbox 616 3195 707 3251; x_wconf 90' lang='lat' dir='ltr'>quam</span> <span class='ocrx_word' id='word_1_203' title='bbox 728 3183 818 3236; x_wconf 86' lang='lat' dir='ltr'>autea</span> <span class='ocrx_word' id='word_1_204' title='bbox 839 3185 960 3256; x_wconf 85' lang='lat' dir='ltr'>gratum</span> <span class='ocrx_word' id='word_1_205' title='bbox 983 3179 1023 3238; x_wconf 91' lang='lat' dir='ltr'>sit</span> <span class='ocrx_word' id='word_1_206' title='bbox 1039 3178 1184 3258; x_wconf 86' lang='lat' dir='ltr'>futurum,</span> <span class='ocrx_word' id='word_1_207' title='bbox 1207 3183 1234 3242; x_wconf 92' lang='lat' dir='ltr'>si</span> 
     </span>
     <span class='ocr_line' id='line_1_27' title="bbox 90 3269 1233 3360; baseline 0.014 -32"><span class='ocrx_word' id='word_1_208' title='bbox 90 3269 232 3348; x_wconf 71' lang='lat' dir='ltr'>perficere</span> <span class='ocrx_word' id='word_1_209' title='bbox 253 3273 358 3350; x_wconf 88' lang='lat' dir='ltr'>liceat,</span> <span class='ocrx_word' id='word_1_210' title='bbox 389 3275 443 3334; x_wconf 91' lang='lat' dir='ltr'>sed</span> <span class='ocrx_word' id='word_1_211' title='bbox 471 3276 553 3352; x_wconf 90' lang='lat' dir='ltr'>quod</span> <span class='ocrx_word' id='word_1_212' title='bbox 579 3277 672 3336; x_wconf 89' lang='lat' dir='ltr'>uariis</span> <span class='ocrx_word' id='word_1_213' title='bbox 701 3276 947 3356; x_wconf 88' lang='lat' dir='ltr'>difficultatibus,</span> <span class='ocrx_word' id='word_1_214' title='bbox 977 3301 1054 3356; x_wconf 89' lang='lat' dir='ltr'>ques</span> <span class='ocrx_word' id='word_1_215' title='bbox 1076 3282 1125 3342; x_wconf 89' lang='lat' dir='ltr'>hic</span> <span class='ocrx_word' id='word_1_216' title='bbox 1148 3286 1233 3360; x_wconf 87' lang='lat' dir='ltr'>queri</span> 
     </span>
     <span class='ocr_line' id='line_1_28' title="bbox 92 3373 1232 3463; baseline 0.013 -32"><span class='ocrx_word' id='word_1_217' title='bbox 92 3373 168 3446; x_wconf 91' lang='lat' dir='ltr'>nolo,</span> <span class='ocrx_word' id='word_1_218' title='bbox 190 3373 345 3452; x_wconf 90' lang='lat' dir='ltr'>impedior.</span> <span class='ocrx_word' id='word_1_219' title='bbox 391 3377 424 3437; x_wconf 85' lang='lat' dir='ltr'>Si</span> <span class='ocrx_word' id='word_1_220' title='bbox 441 3386 541 3438; x_wconf 90' lang='lat' dir='ltr'>tamen</span> <span class='ocrx_word' id='word_1_221' title='bbox 560 3399 636 3457; x_wconf 89' lang='lat' dir='ltr'>opus</span> <span class='ocrx_word' id='word_1_222' title='bbox 651 3379 824 3440; x_wconf 87' lang='lat' dir='ltr'>incohatum</span> <span class='ocrx_word' id='word_1_223' title='bbox 843 3383 1019 3443; x_wconf 87' lang='lat' dir='ltr'>continuare</span> <span class='ocrx_word' id='word_1_224' title='bbox 1030 3385 1103 3444; x_wconf 90' lang='lat' dir='ltr'>mihi</span> <span class='ocrx_word' id='word_1_225' title='bbox 1118 3386 1232 3463; x_wconf 88' lang='lat' dir='ltr'>licebit,</span> 
     </span>
    </p>
   </div>
   <div class='ocr_carea' id='block_1_7' title="bbox 91 3473 1233 3657">
    <p class='ocr_par' dir='ltr' id='par_1_7' title="bbox 91 3473 1233 3657">
     <span class='ocr_line' id='line_1_29' title="bbox 92 3473 1233 3566; baseline 0.013 -33"><span class='ocrx_word' id='word_1_226' title='bbox 92 3473 130 3533; x_wconf 89' lang='lat' dir='ltr'>ad</span> <span class='ocrx_word' id='word_1_227' title='bbox 161 3477 306 3554; x_wconf 87' lang='lat' dir='ltr'>epistulas</span> <span class='ocrx_word' id='word_1_228' title='bbox 340 3479 473 3540; x_wconf 84' lang='lat' dir='ltr'>Senecae</span> <span class='ocrx_word' id='word_1_229' title='bbox 507 3481 545 3540; x_wconf 88' lang='lat' dir='ltr'>ad</span> <span class='ocrx_word' id='word_1_230' title='bbox 572 3482 722 3542; x_wconf 86' lang='lat' dir='ltr'>Lucilium</span> <span class='ocrx_word' id='word_1_231' title='bbox 754 3483 945 3559; x_wconf 87' lang='lat' dir='ltr'>tractandas,</span> <span class='ocrx_word' id='word_1_232' title='bbox 980 3506 1071 3561; x_wconf 85' lang='lat' dir='ltr'>quam</span> <span class='ocrx_word' id='word_1_233' title='bbox 1103 3489 1233 3566; x_wconf 91' lang='lat' dir='ltr'>primum</span> 
     </span>
     <span class='ocr_line' id='line_1_30' title="bbox 91 3575 491 3657; baseline 0.023 -24"><span class='ocrx_word' id='word_1_234' title='bbox 91 3575 154 3635; x_wconf 87' lang='lat' dir='ltr'>fieri</span> <span class='ocrx_word' id='word_1_235' title='bbox 174 3580 315 3657; x_wconf 88' lang='lat' dir='ltr'>potuerit,</span> <span class='ocrx_word' id='word_1_236' title='bbox 340 3582 491 3644; x_wconf 87' lang='lat' dir='ltr'>accedam.</span> 
     </span>
    </p>
   </div>
   <div class='ocr_carea' id='block_1_8' title="bbox 98 3727 316 3738">
    <p class='ocr_par' dir='ltr' id='par_1_8' title="bbox 98 3727 316 3738">
     <span class='ocr_line' id='line_1_31' title="bbox 98 3727 316 3738; baseline 0.018 -4"><span class='ocrx_word' id='word_1_237' title='bbox 98 3727 316 3738; x_wconf 64' lang='lat'><em>——--—-</em></span> 
     </span>
    </p>
   </div>
   <div class='ocr_carea' id='block_1_9' title="bbox 107 3807 1231 4054">
    <p class='ocr_par' dir='ltr' id='par_1_9' title="bbox 107 3807 1231 4054">
     <span class='ocr_line' id='line_1_32' title="bbox 107 3807 1231 3888; baseline 0.013 -25"><span class='ocrx_word' id='word_1_238' title='bbox 107 3807 134 3876; x_wconf 65' lang='lat' dir='ltr'>*l</span> <span class='ocrx_word' id='word_1_239' title='bbox 158 3810 316 3881; x_wconf 88' lang='lat' dir='ltr'>Inprimis</span> <span class='ocrx_word' id='word_1_240' title='bbox 339 3817 438 3868; x_wconf 86' lang='lat' dir='ltr'>tamen</span> <span class='ocrx_word' id='word_1_241' title='bbox 465 3815 602 3871; x_wconf 88' lang='lat' dir='ltr'>editionis</span> <span class='ocrx_word' id='word_1_242' title='bbox 628 3835 710 3873; x_wconf 86' lang='lat' dir='ltr'>meae</span> <span class='ocrx_word' id='word_1_243' title='bbox 738 3819 978 3888; x_wconf 87' lang='lat' dir='ltr'>quaternionibus</span> <span class='ocrx_word' id='word_1_244' title='bbox 1004 3837 1051 3875; x_wconf 92' lang='lat' dir='ltr'>me</span> <span class='ocrx_word' id='word_1_245' title='bbox 1077 3839 1136 3876; x_wconf 91' lang='lat' dir='ltr'>non</span> <span class='ocrx_word' id='word_1_246' title='bbox 1164 3839 1231 3878; x_wconf 88' lang='lat' dir='ltr'>oon·</span> 
     </span>
     <span class='ocr_line' id='line_1_33' title="bbox 155 3897 1231 3970; baseline 0.012 -21"><span class='ocrx_word' id='word_1_247' title='bbox 155 3901 267 3952; x_wconf 90' lang='lat' dir='ltr'>stanter</span> <span class='ocrx_word' id='word_1_248' title='bbox 288 3897 344 3953; x_wconf 90' lang='lat' dir='ltr'>hoo</span> <span class='ocrx_word' id='word_1_249' title='bbox 368 3917 502 3956; x_wconf 89' lang='lat' dir='ltr'>seruasse</span> <span class='ocrx_word' id='word_1_250' title='bbox 525 3901 623 3970; x_wconf 88' lang='lat' dir='ltr'>uideo,</span> <span class='ocrx_word' id='word_1_251' title='bbox 652 3903 734 3959; x_wconf 88' lang='lat' dir='ltr'>cuius</span> <span class='ocrx_word' id='word_1_252' title='bbox 756 3905 799 3960; x_wconf 88' lang='lat' dir='ltr'>rei</span> <span class='ocrx_word' id='word_1_253' title='bbox 822 3905 939 3960; x_wconf 87' lang='lat' dir='ltr'>ueniam</span> <span class='ocrx_word' id='word_1_254' title='bbox 961 3905 1010 3960; x_wconf 89' lang='lat' dir='ltr'>hic</span> <span class='ocrx_word' id='word_1_255' title='bbox 1032 3923 1050 3959; x_wconf 84' lang='lat' dir='ltr'>s</span> <span class='ocrx_word' id='word_1_256' title='bbox 1072 3906 1231 3962; x_wconf 86' lang='lat' dir='ltr'>lectoribus</span> 
     </span>
     <span class='ocr_line' id='line_1_34' title="bbox 154 3982 1231 4054; baseline 0.012 -21"><span class='ocrx_word' id='word_1_257' title='bbox 154 3985 234 4048; x_wconf 90' lang='lat' dir='ltr'>peto;</span> <span class='ocrx_word' id='word_1_258' title='bbox 254 3982 343 4036; x_wconf 86' lang='lat' dir='ltr'>etiam</span> <span class='ocrx_word' id='word_1_259' title='bbox 360 3982 391 4038; x_wconf 89' lang='lat' dir='ltr'>in</span> <span class='ocrx_word' id='word_1_260' title='bbox 409 3985 583 4054; x_wconf 88' lang='lat' dir='ltr'>quibusdam</span> <span class='ocrx_word' id='word_1_261' title='bbox 600 3988 688 4044; x_wconf 87' lang='lat' dir='ltr'>rebus</span> <span class='ocrx_word' id='word_1_262' title='bbox 705 3989 814 4044; x_wconf 87' lang='lat' dir='ltr'>nullius</span> <span class='ocrx_word' id='word_1_263' title='bbox 831 3990 896 4046; x_wconf 83' lang='lat' dir='ltr'>fere</span> <span class='ocrx_word' id='word_1_264' title='bbox 913 3990 1053 4045; x_wconf 88' lang='lat' dir='ltr'>momenti</span> <span class='ocrx_word' id='word_1_265' title='bbox 1072 3991 1128 4046; x_wconf 90' lang='lat' dir='ltr'>hoo</span> <span class='ocrx_word' id='word_1_266' title='bbox 1141 3991 1231 4048; x_wconf 90' lang='lat' dir='ltr'>inter-</span> 
     </span>
    </p>
   </div>
   <div class='ocr_carea' id='block_1_10' title="bbox 154 4063 1188 4146">
    <p class='ocr_par' dir='ltr' id='par_1_10' title="bbox 154 4063 1188 4146">
     <span class='ocr_line' id='line_1_35' title="bbox 154 4063 1188 4146; baseline 0.015 -29"><span class='ocrx_word' id='word_1_267' title='bbox 154 4063 222 4118; x_wconf 89' lang='lat' dir='ltr'>dum</span> <span class='ocrx_word' id='word_1_268' title='bbox 240 4067 365 4136; x_wconf 86' lang='lat' dir='ltr'>neglexi,</span> <span class='ocrx_word' id='word_1_269' title='bbox 384 4069 462 4138; x_wconf 91' lang='lat' dir='ltr'>quod</span> <span class='ocrx_word' id='word_1_270' title='bbox 480 4077 559 4127; x_wconf 89' lang='lat' dir='ltr'>certe</span> <span class='ocrx_word' id='word_1_271' title='bbox 578 4073 722 4130; x_wconf 90' lang='lat' dir='ltr'>neminem</span> <span class='ocrx_word' id='word_1_272' title='bbox 740 4073 803 4130; x_wconf 93' lang='lat' dir='ltr'>iure</span> <span class='ocrx_word' id='word_1_273' title='bbox 822 4073 970 4132; x_wconf 87' lang='lat' dir='ltr'>offendere</span> <span class='ocrx_word' id='word_1_274' title='bbox 988 4093 1074 4146; x_wconf 85' lang='lat' dir='ltr'>posse</span> <span class='ocrx_word' id='word_1_275' title='bbox 1093 4076 1188 4132; x_wconf 87' lang='lat' dir='ltr'>oredo.</span> 
     </span>
    </p>
   </div>
   <div class='ocr_carea' id='block_1_11' title="bbox 183 4337 831 4404">
    <p class='ocr_par' dir='ltr' id='par_1_11' title="bbox 183 4337 831 4404">
     <span class='ocr_line' id='line_1_36' title="bbox 183 4337 831 4404; baseline 0.015 -12"><span class='ocrx_word' id='word_1_276' title='bbox 183 4337 353 4396; x_wconf 84' lang='lat' dir='ltr'>Scribebsm</span> <span class='ocrx_word' id='word_1_277' title='bbox 371 4343 505 4400; x_wconf 85' lang='lat' dir='ltr'>Haunise</span> <span class='ocrx_word' id='word_1_278' title='bbox 524 4345 567 4401; x_wconf 89' lang='lat' dir='ltr'>Id.</span> <span class='ocrx_word' id='word_1_279' title='bbox 586 4347 649 4402; x_wconf 91' lang='lat' dir='ltr'>Iun.</span> <span class='ocrx_word' id='word_1_280' title='bbox 668 4347 738 4402; x_wconf 85' lang='lat' dir='ltr'>anni</span> <span class='ocrx_word' id='word_1_281' title='bbox 757 4349 831 4404; x_wconf 86' lang='grc'><strong>1886.</strong></span> 
     </span>
    </p>
   </div>
   <div class='ocr_carea' id='block_1_12' title="bbox 866 4583 1146 4660">
    <p class='ocr_par' dir='ltr' id='par_1_12' title="bbox 866 4583 1146 4660">
     <span class='ocr_line' id='line_1_37' title="bbox 866 4583 1146 4660; baseline 0.011 -3"><span class='ocrx_word' id='word_1_282' title='bbox 866 4583 908 4658; x_wconf 90' lang='grc' dir='ltr'>Μ.</span> <span class='ocrx_word' id='word_1_283' title='bbox 932 4583 982 4659; x_wconf 88' lang='lat' dir='ltr'>Cl.</span> <span class='ocrx_word' id='word_1_284' title='bbox 1007 4585 1146 4660; x_wconf 85' lang='lat' dir='ltr'>Gertz.</span> 
     </span>
    </p>
   </div>
   <div class='ocr_carea' id='block_1_13' title="bbox 0 0 1580 5344">
    <p class='ocr_par' dir='ltr' id='par_1_13' title="bbox 0 0 1580 5344">
     <span class='ocr_line' id='line_1_38' title="bbox 0 0 1580 5344; baseline 0 0"><span class='ocrx_word' id='word_1_285' title='bbox 0 0 1580 5344; x_wconf 95' lang='lat' dir='ltr'> </span> 
     </span>
    </p>
   </div>
  </div>
 </body>
</html>
