3144 5344
220 388 254 450 ΙΙ

221 580 382 656 quisiuisse
415 578 538 652 scirem,
573 596 639 634 meo
672 576 746 650 iure,
781 583 814 633 ut
847 577 962 653 opinor,
997 576 1184 639 confidebam
1216 580 1281 640 fieri
1314 582 1364 640 uix

220 683 365 760 potuisse,
400 688 434 739 ut
461 699 516 756 ego
546 699 691 751 errarem;
727 699 743 736 e
771 679 921 738 contrario
944 680 994 756 qui
1017 681 1108 740 talem
1131 703 1262 742 errorem
1285 704 1364 742 com·

218 786 337 844 mittere
364 783 523 861 potuisset,
557 790 591 841 ut
618 783 649 840 in
677 801 759 840 cons.
784 782 822 841 ad
844 783 940 842 Marc.
966 785 994 858 1,
1024 787 1044 842 8
1078 783 1117 862 (p.
1144 786 1214 862 165,
1238 789 1258 845 4
1280 805 1364 846 meae

220 888 359 948 editionis
384 912 421 930 =
445 907 474 963 p.
501 887 570 960 122,
596 888 635 944 14
658 885 727 944 edit.
751 885 862 956 Koch.)
894 885 952 946 duo
974 889 1077 963 uerba,
1113 909 1140 964 q.
1165 909 1189 949 s.
1214 890 1365 960 difficilius

221 996 374 1061 careatur,
404 1010 422 1047 a
444 988 547 1048 codice
569 989 769 1048 Ambrosiano
793 991 901 1048 abesse
924 1011 1086 1067 eorumque
1108 1012 1165 1050 nec
1188 992 1286 1058 uolam
1308 1012 1364 1050 nec

220 1086 380 1169 uestigium
413 1111 573 1168 superesse
606 1111 665 1150 non
697 1092 814 1151 uideret
842 1100 932 1168 atque
960 1094 1084 1172 insuper
1113 1115 1160 1153 me
1186 1096 1365 1154 temeritatis

220 1203 369 1274 argueret,
404 1192 484 1270 quod
517 1194 591 1253 haec
623 1195 717 1253 uerba
750 1215 871 1254 sensum
905 1196 962 1254 loci
995 1197 1126 1274 pessime
1157 1191 1365 1276 perturbantis

220 1299 355 1359 eiciendo
387 1317 455 1357 esse
488 1297 659 1374 suspicatus
693 1316 800 1374 essem,
836 1319 912 1374 quae
946 1294 1080 1377 suspicio
1114 1300 1218 1378 optimi
1252 1299 1364 1358 codicis

219 1403 389 1464 testimonio
413 1400 653 1476 confirmabatur,
688 1400 760 1476 quid
784 1400 821 1460 de
844 1392 916 1460 eius¹
930 1403 960 1459 in
984 1402 1185 1482 comparando
1210 1402 1365 1479 diligentia

220 1505 346 1565 iudicari
368 1505 518 1564 debebat?
561 1504 626 1564 Nec
649 1504 748 1581 opinio
771 1525 817 1563 me
840 1504 959 1564 fefellit.

304 1607 383 1668 Nam
416 1627 493 1666 anno
529 1609 620 1681 1882,
655 1626 722 1666 cum
756 1609 885 1666 summi
918 1608 1135 1684 Ministerii,
1171 1608 1252 1685 quod
1285 1608 1365 1686 apud

220 1731 276 1771 nos
314 1732 413 1770 rerum
453 1710 736 1769 ecclesiasticarum·
766 1718 796 1769 et
835 1711 1082 1771 scholasticarum
1115 1711 1366 1772 administrationi

220 1822 350 1892 praeest,
385 1815 505 1890 egregia
526 1812 706 1872 liberalitate
730 1812 860 1888 adiutus
892 1834 981 1889 quam
1002 1814 1051 1873 hic
1073 1816 1244 1892 gratissimo
1269 1815 1366 1874 animo

222 1936 435 1990 commemoro,
477 1917 535 1974 hoc
574 1917 641 1993 ipso
676 1917 799 1975 consilio
833 1917 1037 1976 Mediolanum
1069 1919 1179 1977 iterum
1211 1917 1366 1996 profectus

222 2041 331 2097 essem,
365 2028 399 2078 ut
425 2019 544 2096 plenam
575 2027 605 2076 et
626 2018 794 2096 perfectam
817 2019 929 2079 codicis
952 2020 1145 2079 Ambrosiani
1168 2021 1367 2080 conlationem

222 2126 253 2184 in
279 2134 367 2184 usum
395 2121 535 2180 editionis
564 2121 751 2198 conficerem,
785 2123 913 2200 primum
939 2123 970 2180 in
999 2123 1042 2181 eis
1070 2122 1165 2198 libris,
1198 2125 1229 2182 in
1258 2124 1367 2199 quibus

222 2228 281 2287 iam
316 2235 403 2285 antea
436 2225 569 2284 codicem
598 2245 665 2284 cum
692 2225 800 2285 Haasii
827 2225 956 2284 editione
985 2246 1244 2306 comparaueram,
1277 2225 1367 2303 longe

222 2330 357 2408 plurimis
393 2329 467 2387 locis
495 2348 591 2387 meam
621 2328 820 2387 conlationem
846 2327 1022 2387 Kochianae
1050 2336 1205 2406 praestare
1233 2349 1268 2388 ac
1296 2349 1368 2388 uera

223 2433 375 2493 continere
402 2431 479 2505 uidi;
514 2431 622 2490 deinde
650 2432 680 2490 in
704 2432 813 2491 ceteris
836 2451 954 2506 quoque
975 2431 1060 2491 libris
1083 2433 1194 2492 totiens
1216 2431 1367 2490 Kochium

224 2555 341 2597 errasse
365 2533 572 2608 animaduerti,
596 2541 630 2592 ut
653 2542 683 2592 et
706 2555 761 2611 ego
784 2543 815 2592 et
838 2535 950 2593 amicus
973 2554 1068 2610 meus,
1093 2535 1230 2610 quitum
1252 2554 1369 2592 mecum

224 2639 312 2699 simul
340 2639 371 2696 in
399 2637 582 2696 bibliotheca
610 2638 812 2696 Ambrosiana
838 2639 1026 2710 uersabatur‚
1062 2637 1218 2696 Gustsuus
1246 2639 1367 2711 Loewe‚

225 2763 283 2820 quo
312 2740 400 2801 modo
428 2741 484 2798 hoc
511 2739 577 2798 fieri
604 2741 762 2819 potuisset,
796 2725 885 2800 ualde
908 2742 1084 2802 miraremur
1117 2720 1278 2812 (interdum
1301 2760 1369 2798 cum

225 2846 297 2920 risu,
320 2845 403 2903 uelut
424 2844 462 2901 in·
477 2863 512 2901 eo
535 2843 611 2918 loco,
635 2843 685 2919 qui
708 2865 737 2921 p.
758 2845 870 2919 136,.3
893 2843 1063 2925 reperitur).

311 2945 371 3004 Sed
403 2944 472 3003 nolo
507 2946 667 3022 quicquam
699 2947 822 3023 grauius
854 2947 885 3006 in
917 2949 1015 3006 uirum
1047 2949 1198 3006 mortuum
1230 2966 1286 3004 nec
1316 2965 1371 3004 sua

225 3050 313 3110 laude
347 3048 524 3108 destitutum
558 3048 667 3123 dicere,
702 3069 736 3108 eo
769 3051 867 3110 minus
901 3051 991 3126 quod,
1025 3058 1059 3108 ut
1092 3057 1161 3109 ante
1191 3047 1262 3122 dixi,
1297 3049 1369 3122 scic,

227 3161 384 3230 quantum·
401 3149 590 3210 difficultatis
623 3152 671 3211 hic
690 3153 790 3212 .labor
818 3153 1008 3233 comparandi
1037 3152 1157 3226 habeat,
1190 3151 1371 3229 praesertim

227 3258 253 3315 si
273 3257 339 3332 quis
355 3275 416 3313 non
432 3254 520 3313 ualde
538 3256 719 3314 exercitatus
743 3256 781 3314 ad
798 3277 866 3314 eum
883 3257 1055 3331 accesserit,
1077 3254 1189 3314 nedum
1205 3255 1372 3314 Iohannem

226 3359 416 3432 Vahlenium‚
440 3359 491 3434 qui
513 3358 674 3417 editionem
685 3359 795 3417 Kochii
818 3365 912 3417 morte
934 3360 1133 3435 interruptam
1156 3356 1372 3416 absoluendam

228 3462 354 3536 curauit,
387 3462 527 3520 incusare
554 3481 696 3537 umquam
725 3461 797 3520 mihi
820 3462 850 3520 in
872 3470 1002 3521 mentem
1024 3462 1127 3520 uenire
1149 3461 1262 3538 possit;
1297 3459 1371 3519 haec

227 3573 344 3624 tantum
366 3563 474 3639 dicam,
509 3583 584 3639 quae
607 3563 707 3623 dicere
730 3584 777 3622 me
799 3583 925 3623 necesse
947 3571 1003 3639 est,
1038 3571 1072 3623 ut
1094 3564 1251 3622 consilium
1272 3583 1372 3621 meum

227 3677 289 3727 tam
321 3668 406 3726 breui
431 3667 509 3744 ¹post
537 3666 688 3726 Kochium
717 3669 773 3726 hos
803 3667 895 3726 libros
925 3669 1033 3727 iterum
1063 3665 1171 3726 edendi
1201 3665 1371 3726 defendam.

228 3770 325 3829 Multa
346 3771 439 3846 igitur
460 3767 596 3828 Kochius
618 3789 678 3828 non
700 3777 782 3829 recte
805 3770 892 3846 legit3
927 3771 1021 3830 multa
1042 3770 1132 3848 plane
1153 3769 1371 3847 praetermisit;

229 3874 322 3932 multa
349 3872 462 3932 rasuris
489 3871 647 3948 liturisque
676 3874 837 3956 obscurata
864 3892 920 3932 nec
949 3881 1049 3933 tamen
1077 3874 1129 3948 ita,
1164 3879 1198 3931 ut
1224 3893 1284 3931 nou
1307 3871 1372 3930 dili-

229 3976 348 4052 gentius
379 3974 546 4033 attendenti
568 3976 664 4053 prima
686 3975 838 4053 scriptura
861 3977 951 4034 certis
973 3975 1112 4052 uestigiis
1136 3973 1236 4050 colligi
1258 3957 1372 4052 posset}

229 4078 346 4160 legere¹
363 4085 415 4137 aut
446 4097 507 4135 non
533 4079 632 4155 potuit
660 4085 712 4136 aut
738 4098 798 4137 non
827 4079 943 4137 curauit
976 4077 1017 4149 (et
1044 4076 1093 4136 hic
1120 4078 1248 4136 maxime
1276 4075 1372 4150 doleo,

230 4180 311 4256 quod
337 4179 434 4238 Italos
456 4179 591 4239 Fickerti
620 4182 789 4239 conlatores
818 4201 847 4258 p.
871 4179 956 4239 XIII
985 4188 1015 4240 et
1041 4179 1153 4240 XXIV
1179 4199 1275 4257 paene
1303 4177 1373 4237 falsi

230 4282 389 4357 incusant,
424 4282 504 4357 quod
527 4302 560 4341 se
583 4302 618 4342 es
640 4282 755 4341 uidisse
778 4282 935 4358 dixissent,
959 4303 1035 4358 quae
1058 4282 1177 4342 omnino
1199 4302 1259 4340 non
1282 4301 1373 4358 appa-

116 4403 127 4425 ·
231 4393 345 4458 rarent;
380 4385 469 4444 immo
503 4385 609 4444 horum
640 4385 793 4444 hominum
827 4385 1026 4444 conlationem
1053 4385 1084 4443 in
1110 4384 1167 4443 hac
1195 4383 1315 4459 quidem
1342 4403 1374 4441 re

231 4487 390 4546 Kochiana
421 4487 573 4546 meliorem
595 4507 663 4546 esso
687 4486 838 4546 affirmare
860 4506 994 4565 possum,
1029 4486 1167 4562 quamuis
1190 4471 1238 4544 illi
1256 4504 1375 4560 quoque

231 4590 381 4648 interdum
410 4589 602 4663 errauerint);
636 4597 794 4668 praeterea
824 4609 869 4664 ea,
904 4608 980 4665 quae
1009 4588 1046 4646 de
1074 4587 1188 4647 codicis
1217 4588 1375 4666 scripturis

233 4693 341 4768 attulit,
366 4691 542 4769 saepissime
565 4691 740 4750 eonomine
762 4691 899 4750 laborare
921 4690 994 4748 mihi
1016 4689 1166 4766 uidentur,
1190 4689 1270 4766 quod
1286 4689 1375 4749 nimis
