3144 5344
549 405 586 445 DE
610 406 815 446 uuovmnurra
840 407 885 446 111.
973 407 977 414 '
1249 383 1270 448 9

114 577 151 635 et
176 571 357 658 peregrina
380 569 524 655 aucupia
546 575 756 656 congereret,
779 570 807 634 si
826 570 1014 657 conchyliis
1032 574 1145 659 superi
1165 581 1266 660 atque
1375 588 1378 596 ’

111 678 221 745 inferi
258 679 359 744 maris
399 679 572 764 pigritiam
611 678 777 744 stomachi
809 680 997 746 nausiantis
1032 682 1194 768 erigeret,
1240 683 1268 748 si

111 789 252 874 ingenti
293 809 471 874 pomorum
512 795 603 854 strue
644 789 799 875 cingeret
838 789 966 874 primae
1007 788 1136 857 formae
1176 789 1267 858 feras

114 905 238 984 captas
261 897 367 962 multa
390 898 494 962 caede
517 898 736 964 cenantium?
775 895 898 962 infelix
922 905 974 962 est
984 899 1142 986 Rutilius,
1166 901 1301 986 quod?

84 1008 177 1092 aqui
205 1007 299 1071 illum
328 1007 582 1090 damnauerunt,
618 1029 753 1071 causam
783 1006 898 1072 dicent
921 1007 1077 1073 omnibus
1100 1009 1267 1076 saeculis?

115 1115 228 1201 quod·
247 1116 405 1201 aequiore
440 1116 551 1182 animo
584 1137 704 1201 passus
740 1121 792 1180 est
825 1138 861 1180 se
891 1115 1022 1202 patriae
1054 1117 1138 1202 eripi
1168 1141 1268 1202 quam

115 1225 185 1289 sibi
214 1225 373 1290 exilium?
407 1225 498 1310 quod
520 1224 634 1290 Sullae
664 1224 823 1289 dictatori
852 1223 942 1289 solus
972 1224 1100 1310 aliquid
1127 1227 1268 1312 negauit

115 1340 152 1398 et
185 1340 366 1399 reuocatus
400 1339 532 1398 tantum
564 1355 635 1398 non
667 1340 758 1398 retro
793 1333 897 1398 cessit
931 1339 965 1397 et
992 1333 1127 1419 longius
1155 1332 1266 1420 fugit?

117 1440 318 1526 ,Uideund
348 1442 460 1526 inquit
490 1441 575 1528 ,isti
611 1463 695 1526 quos
718 1443 848 1506 Romae
872 1440 1099 1527 deprehendit
1120 1440 1266 1508 felicitas

74 1583 99 1618 ιο
114 1556 185 1616 tua.
231 1551 382 1617 Uideant
409 1550 540 1636 largum
568 1551 605 1614 in
632 1549 706 1616 foro
736 1549 936 1635 sanguinem
965 1557 1000 1616 et
1028 1573 1130 1637 supra
1153 1551 1266 1616 Serui·

114 1659 244 1724 lianum
270 1659 380 1726 lacum
414 1659 463 1739 (id
494 1659 584 1723 enim
605 1658 864 1745 proscriptionis
888 1658 1046 1724 Sullanae
1070 1660 1267 1747 spoliarium

117 1771 182 1849 est)
199 1776 414 1845 ,senatorum
443 1768 555 1853 capita
579 1774 614 1832 et
634 1768 761 1854 passim
783 1768 941 1852 uagantis
963 1790 1026 1854 per
1047 1768 1167 1834 urbem
1187 1791 1265 1856 per-

117 1899 294 1942 cussorum
323 1899 445 1964 greges
476 1883 510 1940 et
537 1875 644 1940 multa
671 1876 764 1941 milia
792 1877 917 1940 ciuium
938 1878 1170 1942 Romanorum
1198 1901 1265 1944 uno

116 1985 193 2051 loco
216 1992 296 2071 post
317 1984 429 2069 fidem,
452 1985 553 2050 immo
576 2007 639 2071 per
660 1984 894 2070 ipsamfidem
916 1986 1102 2051 trucidata:
1126 1986 1266 2052 uideant

78 2132 102 2169 15
116 2095 193 2178 ista,
228 2095 285 2178 qui
314 2095 447 2158 exulare
476 2116 546 2158 non
573 2092 745 2179 possunt.“
793 2093 882 2170 Quid
911 2095 1015 2179 ergo?
1047 2091 1130 2159 felix
1152 2102 1205 2160 est
1226 2096 1301 2164 L.8

117 2202 221 2286 Sulla,
252 2203 343 2287 quod
372 2203 422 2267 illi
444 2202 667 2268 descendenti
689 2201 733 2267 ad
754 2201 865 2266 lorum
887 2202 1002 2287 gladio
1026 2211 1265 2289 summouetur,

117 2312 210 2396 quod
243 2312 356 2399 capita
386 2311 452 2376 sibi
481 2310 707 2377 consularium
735 2311 884 2376 rrirorum
911 2311 1041 2396 patitur
1068 2313 1204 2377 ostendi
1233 2319 1267 2378 et

117 2420 264 2506 pretium
316 2420 429 2486 caedis
477 2443 539 2506 per
583 2425 798 2503 quaestorem
843 2441 881 2483 ac
927 2418 1061 2484 tabulas
1110 2420 1265 2506 publicas

118 2530 295 2594 numerat?
330 2534 365 2593 et
396 2526 481 2594 haec
505 2528 617 2593 omnia
638 2527 723 2594 iacit
744 2527 811 2612 ille,
845 2528 902 2592 ille
926 2528 983 2613 qui
1004 2527 1116 2614 legem
1139 2519 1265 2594 Corne-

81 2667 105 2704 ao
118 2637 199 2701 liam
236 2637 323 2702 tulit.
390 2637 575 2703 Ueniamus
615 2636 658 2700 ad
691 2637 876 2722 Regulum:
923 2636 1004 2721 quid
1036 2636 1086 2700 illi
1128 2635 1300 2713 fortunas)

117 2745 250 2830 nocuit,
306 2744 398 2831 quod
445 2744 540 2810 illum
591 2745 832 2810 documentum
874 2744 970 2829 fidei,
1026 2744 1267 2812 documentum

118 2853 303 2939 patientiae
331 2852 438 2919 fecit?
480 2853 609 2939 Figtmt
631 2859 744 2918 cutem
767 2853 855 2919 claui
884 2859 927 2937 et,
952 2875 1164 2940 quocumque
1187 2854 1265 2920 fati·
1307 2867 1309 2871 ’

119 2969 233 3047 gatum
263 2981 395 3048 corpus
412 2962 599 3046 reclinauit,
632 2963 765 3027 uulneri
792 2962 967 3047 incumbit,
1001 2963 1037 3026 in
1066 2969 1266 3048 perpetuam

118 3069 269 3154 uigiliam
313 3071 486 3156 susipensa
530 3077 609 3135 sunt
651 3070 793 3136 lumina:
829 3077 955 3155 quanto
989 3071 1065 3156 plus
1093 3073 1264 3155 tormenti,
1283 3091 1331 3146 fol⁸
1349 3093 1389 3144 4r.

83 3217 107 3253 25
120 3184 213 3243 tauto
248 3178 323 3264 plus
358 3180 422 3242 erit
454 3179 593 3264 gloriae.
638 3179 701 3245 Uis
735 3179 831 3263 scire,
867 3202 967 3264 quam
999 3202 1070 3268 non
1091 3180 1266 3266 paeniteat

120 3303 221 3308 -----
228 3303 345 3310 ...κ-ψ

121 3349 275 3418 laucupia
292 3351 322 3403 iu
339 3365 390 3418 my.
409 3353 493 3406 itaut
510 3349 546 3407 11ι
653 3349 805 3422 conchyljs
824 3350 852 3417 l,
881 3367 949 3406 corr.
968 3368 1012 3421 up.
1099 3349 1265 3420 ticiugeret

120 3453 174 3502 πμ
200 3427 378 3504 cingeretl
400 3436 432 3504 (g
449 3452 518 3492 corr.
537 3453 570 3491 ec
588 3456 603 3492 c
620 3437 684 3502 fort.
702 3452 736 3489 m.
755 3437 801 3504 2);
828 3452 866 3491 aa
887 3435 958 3502 suit:
986 3435 1116 3504 cingeret
1134 3437 1182 3490 uel
1207 3437 1265 3503 (uu

121 3519 248 3588 primae?
291 3520 336 3574 De
355 3521 465 3590 primae
483 3523 533 3588 cfr.
551 3521 662 3577 Patron.
682 3525 724 3577 40.
830 3523 846 3576 5
865 3522 1048 3576 (leuauerunt
1065 3521 1084 3574 d
1102 3526 1190 3575 causa
1209 3521 1267 3588 (aed

239 3601 242 3608 ψ

122 3655 201 3710 ddel.
221 3673 254 3710 m.
274 3655 341 3719 nt
452 3659 543 3730 seclis
562 3610 622 3729 qud
638 3661 667 3725 (d
685 3660 747 3714 add.
765 3677 791 3713 m
818 3658 890 3725 al
1006 3657 1155 3730 'lsyllerl

121 3741 138 3794 8
161 3747 245 3796 tantu
272 3748 292 3798 fi
318 3749 397 3798 retro
425 3743 513 3798 cessit
539 3745 564 3799 d
591 3744 625 3801 l¹
655 3752 738 3801 recte.
766 3745 822 3798 uid.
852 3743 928 3798 stud.
950 3744 1009 3798 crit.
1027 3760 1053 3811 p.
1072 3745 1119 3810 50;
1147 3759 1217 3798 corr.
1236 3745 1266 3797 in

122 3845 219 3950 11tantu
254 3879 274 3949 ii
307 3902 386 3950 retro
414 3896 503 3952 cessit
528 3849 564 3953 S&
591 3899 627 3956 nl
750 3900 767 3952 9
793 3916 872 3968 rome
899 3896 945 3966 ΑΙ,
972 3899 1019 3952 sed
1042 3896 1154 3963 utryala
1178 3911 1266 3962 paene

124 3965 265 4035 euanuit‘
360 3985 393 4038 12
419 3985 602 4052 senatorii&
630 3984 779 4053 capita&
806 3983 842 4040 Αι
867 3984 926 4050 (sed
939 3984 1021 4051 priua
1040 3981 1066 4036 dc
1083 3981 1145 4044 del-t

530 4069 551 4108 ci
814 4069 818 4078 ·

126 4124 346 4204 1301η11111.Α
441 4139 474 4191 14
491 4137 610 4192 trudata
628 4135 661 4193 Α]
746 4137 778 4190 15
796 4079 873 4206 qlll
961 4137 992 4188 16
1011 4136 1037 4190 .l.
1056 4135 1172 4210 syllal

125 4220 474 4292 descendentadforul13
498 4239 585 4292 supra
601 4223 769 4291 frequentem
786 4223 937 4291 ligaturam
955 4219 968 4288 ll
988 4221 1146 4303 solutorem
1166 4220 1223 4274 eiua
1242 4220 1265 4302 ti

124 4308 229 4374 scripsit
245 4306 282 4363 A'
405 4308 710 4378 gladiolsdmouetur
727 4306 805 4363 ΑΗ
937 4307 968 4360 17
987 4307 1115 4389 ostendit
1133 4307 1159 4362 a
1176 4305 1209 4362 1⁴1¹
1243 4313 1266 4388 lt

914 4398 922 4428 t

126 4461 191 4514 linea
218 4468 378 4516 nuasuersa
404 4463 454 4518 del.
481 4478 553 4517 man.
582 4463 644 4528 rec)
783 4461 815 4514 19
841 4444 928 4515 facia
954 4460 989 4517 Αι
1120 4461 1152 4514 21
1180 4459 1266 4514 nuta

125 4545 194 4602 fidei.
218 4547 357 4602 documtu
375 4550 405 4600 in
423 4566 468 4616 my
496 4548 558 4602 add.
577 4546 614 4603 t'
632 4553 738 4615 etpost
756 4531 925 4600 decurtatum
942 4545 1087 4602 imermdu
1105 4561 1162 4600 cese
1180 4547 1264 4613 aieni-

125 4631 220 4694 fieauu.
325 4633 359 4686 23
380 4631 493 4686 meabit
510 4631 531 4688 Α
549 4639 635 4697 (aaut
651 4631 738 4692 Koch)
844 4630 1013 4699 inppemam
1031 4629 1052 4685 Α
1071 4629 1157 4698 (emat
1172 4621 1263 4696 Kosa)

220 4717 254 4770 25
272 4716 334 4784 glas
352 4715 374 4772 Α
392 4719 472 4783 (corr.
490 4717 547 4776 uid.
567 4731 601 4771 ec·
618 4715 684 4785 gia)
