3246 5332
430 399 471 443 on
493 399 682 444 oossrsurre
703 399 859 446 etrrmms
882 401 1013 446 vu—rx.
1252 379 1293 448 35

138 566 241 653 leges
270 588 310 632 ac
338 566 525 633 seemssimi
553 567 681 634 domini
714 569 823 652 (quod)
857 569 1041 654 minentur,
1074 569 1110 635 in
1138 593 1204 656 quo
1233 571 1294 638 im·

138 675 278 760 perium
306 698 405 741 suum
431 675 570 744 fortuna
598 676 781 761 consumit,
815 700 924 764 aequo
938 679 1154 765 placidoque
1183 680 1294 746 auimo

142 784 332 870 accipimus
362 791 397 850 et
424 785 548 852 scimus
562 792 715 851 'mortem
736 786 862 852 melum
883 809 954 852 non
976 811 1061 873 esse,
1096 788 1140 855 ob
1163 787 1229 854 hoo
1251 810 1294 854 ne

139 893 303 958 iniuriam
325 893 470 978 quidem,
493 895 600 962 multo
622 894 755 960 facilius
778 895 844 961 alia
865 894 1095 980 tolerabimus,
1119 896 1242 962 damna
1260 903 1295 972 et

111 1000 299 1087 edolores,
337 1002 555 1088 ignominiae,
595 1005 748 1070 locorum
781 1003 1080 1090 commutationes,
1115 1006 1293 1090 orbitates,

140 1109 297 1196 discidia,
326 1133 412 1195 quae
436 1113 634 1200 sapientem,
664 1113 766 1178 etism
789 1113 818 1178 si
839 1113 997 1179 uniuersa
1020 1112 1294 1198 circumuenient,

139 1241 214 1284 non
242 1227 409 1306 mergunt,
443 1221 569 1288 nedum
590 1228 629 1286 ut
651 1221 695 1286 ad
717 1221 927 1307 singulorum
949 1221 1112 1308 impulsus
1135 1230 1292 1288 maereat.
1390 1281 1393 1286 .

139 1328 190 1392 Et
214 1329 243 1393 si
263 1327 421 1394 fortunae
443 1329 581 1396 iniurias
603 1329 779 1396 moderate
800 1329 877 1413 fert,
906 1337 1034 1414 quanto
1056 1329 1164 1415 magis
1186 1329 1294 1396 homi-

140 1458 227 1500 num
248 1435 447 1522 potentium,
482 1460 567 1524 quos
590 1439 655 1504 scit
675 1437 833 1504 fortunae
855 1437 863 1524 i
884 1461 1004 1506 manus
1028 1442 1118 1504 esse!
1173 1439 1329 1505 Omniat

100 1567 126 1602 10
141 1544 260 1629 itaque
294 1546 341 1610 sio
374 1547 502 1632 patitur
534 1553 573 1612 ut
604 1545 725 1612 hiemis
755 1548 905 1633 rigorem
935 1555 970 1612 et
998 1548 1294 1635 intemperantiam
1311 1535 1361 1591 f⁰¹·
1376 1539 1416 1591 9¹·

143 1652 242 1737 caeli,
274 1661 312 1718 ut
344 1652 497 1720 feruores
529 1655 733 1740 morbosque
768 1662 803 1721 et
836 1663 950 1721 cetera
977 1654 1066 1736 forte
1095 1657 1293 1742 accidentia,

141 1785 209 1826 neo
243 1762 286 1826 de
320 1784 489 1847 quoquam
520 1770 592 1829 tam
622 1765 711 1829 bene
745 1765 881 1848 iudicat,
914 1771 953 1830 ut
984 1763 1081 1829 illum
1114 1766 1295 1850 quicquam

141 1878 245 1956 putet
267 1871 409 1936 consilio
431 1870 564 1952 fecisse,
594 1873 686 1958 quod
707 1875 743 1938 in
765 1897 833 1940 uno
857 1874 1010 1961 sapiente
1034 1880 1096 1940 est.
1140 1874 1294 1940 Aliorum

143 1980 295 2044 omnium
325 2001 396 2046 non
430 1981 580 2064 consilia,
615 1982 677 2046 sed
708 1980 847 2048 fraudes
881 1989 916 2046 et
948 1982 1090 2048 insidiae
1119 1989 1154 2047 et
1181 1989 1293 2048 motus

104 2111 129 2148 1⁶
144 2088 334 2154 animorum
361 2089 528 2154 inconditi
557 2097 645 2176 sunt,
679 2113 763 2176 quos
786 2092 921 2157 casibus
944 2091 1157 2174 adnumerat3
1193 2113 1291 2158 omne

144 2205 260 2263 autem
280 2197 458 2263 fortuitum
481 2197 570 2263 circa
591 2221 655 2265 nos
678 2201 786 2264 saeuit
810 2207 845 2266 et
866 2201 902 2265 in
923 2201 1012 2266 uitia.

229 2307 293 2373 IX.
336 2306 426 2371 Illud
454 2329 588 2393 quoque
617 2309 739 2394 cogita,
772 2309 969 2374 iniuriarum
989 2307 1153 2373 latissime
1174 2313 1327 2392 patere1

144 2416 321 2482 materiam
353 2417 413 2496 (te)
447 2415 523 2499 illis,
556 2438 618 2502 per
646 2439 733 2502 quae
760 2417 950 2504 perieulum
976 2416 1075 2482 nobis
1104 2415 1295 2501 quaesitum

145 2533 212 2608 est,
252 2531 291 2590 ut
324 2530 522 2590 accusatore
556 2525 723 2590 submisso
757 2532 816 2590 aut
849 2525 1082 2592 criminatione
1114 2522 1203 2589 falsa
1236 2529 1307 2588 aut*

105 2655 130 2692 a
143 2633 282 2699 irritatis
321 2633 357 2698 in
394 2655 457 2698 nos
496 2633 726 2719 potentiorum
766 2634 867 2718 odiis,
913 2656 1067 2720 quaeque
1107 2631 1173 2697 alia
1204 2631 1294 2696 inter

145 2747 282 2828 togatos
315 2740 493 2807 latrocinia
526 2750 619 2826 sunt3
665 2749 717 2807 est
750 2748 785 2808 et
816 2742 874 2808 iila
906 2743 1029 2808 iniuria
1061 2739 1231 2826 frequens,
1265 2741 1294 2804 si

146 2851 276 2916 luorum
306 2849 406 2916 alicui
436 2871 615 2916 excussum
643 2856 695 2915 est
722 2857 781 2916 aut
806 2851 997 2937 vpraemium
1024 2850 1082 2916 diu
1111 2856 1293 2936 captatum,

148 2959 175 3023 si
201 2979 326 3045 magno
352 2959 471 3024 labore
500 2957 672 3024 adfectata
698 2957 870 3024 hereditas
898 2981 1018 3024 auersa
1046 2964 1098 3023 est
1127 2964 1161 3023 et
1190 2980 1292 3044 quae-

148 3073 282 3132 stuosae
316 3067 435 3132 domus
468 3067 579 3152 gratia
612 3073 743 3153 erepta:
784 3067 871 3133 haee
905 3067 1024 3154 effugit
1056 3067 1201 3153 sapiens,
1236 3067 1293 3152 qui

149 3304 257 3373 iquod
274 3305 337 3360 add.
357 3321 428 3360 aaut
445 3303 467 3363 D
485 3313 512 3361 et
528 3306 678 3360 Rectorem
773 3305 921 3362 minentur
937 3307 1034 3375 iidem
1056 3292 1237 3389 minetantur
1262 3305 1292 3373 Δ,

147 3409 247 3462 notata
270 3408 368 3463 litteris
387 3414 424 3476 et,
450 3425 510 3463 cum
528 3408 619 3464 notari
637 3408 779 3464 deturant
795 3416 839 3477 ta,·
866 3409 997 3474 maeatae,
1025 3425 1096 3477 ettae
1113 3425 1201 3477 supra
1219 3413 1293 3464 etet

147 3493 221 3558 infra
236 3495 354 3549 eaedem
380 3493 488 3548 litterae
513 3500 585 3558 eunt,
612 3495 745 3560 fortuitae
771 3502 842 3560 sant
869 3509 918 3549 aec
944 3493 1087 3563 quicquan
1109 3496 1167 3550 stlte
1184 3493 1293 3550 subesse

148 3579 265 3644 uidetur,
299 3585 331 3634 ct
354 3579 434 3634 Koch
468 3586 577 3634 namot.
629 3580 676 3634 Aa
710 3579 883 3636 minitentur
917 3579 1088 3635 scribendum
1122 3578 1181 3634 eet?

148 3666 164 3718 4
189 3664 298 3732 deuel&
317 3663 351 3730 Ας
378 3665 404 3720 a
430 3667 491 3719 tolli
514 3666 622 3719 uolebat
639 3665 792 3720 Hactenus
894 3665 910 3718 5
938 3662 1188 3722 ocmutationest

148 3752 164 3802 6
190 3750 268 3805 circu
294 3751 414 3806 ueniant
440 3749 462 3806 Α
489 3750 541 3818 (sic
567 3765 649 3818 saepe
675 3750 793 3818 circum,
820 3755 898 3815 ante,
924 3757 1049 3819 praeter,
1077 3767 1173 3820 super,
1198 3757 1289 3817 trans,

92 3885 94 3890 ,
148 3836 279 3890 interdum
304 3837 387 3892 ettam
414 3836 487 3891 ottae
510 3836 729 3905 praepositiones
755 3853 773 3890 a
798 3838 890 3892 certis
917 3838 1102 3905 dirumpuntur,
1133 3837 1290 3904 quibuscum

149 3923 308 3990 compositae
325 3928 395 3978 eant.
489 3920 673 3977 'tmereatt
769 3923 801 3976 10
819 3921 972 3995 hyemiet
1068 3922 1100 3975 15
1117 3921 1290 3976 adnumerat

147 4025 189 4075 op.
207 4023 246 4062 ee.
264 4023 346 4062 noan.
366 4005 402 4074 ὓς
421 4006 614 4062 adnumerant
632 4005 654 4062 Α
725 4008 757 4062 16
774 4007 805 4063 in
822 4008 894 4062 uilia
913 4008 1042 4074 Madut93
1061 4005 1205 4062 inuitiaA

149 4094 179 4146 17
204 4111 222 4147 a
248 4093 338 4147 certis
365 4091 443 4146 Illud
469 4109 583 4161 quoque
612 4091 709 4162 cogita
735 4093 812 4160 (eam
838 4093 878 4148 eie
895 4096 926 4148 ia
943 4091 964 4148 Α
981 4099 1052 4148 recte
1069 4091 1207 4160 stabim,
1234 4109 1290 4147 non

150 4177 261 4247 cogitat,
280 4184 312 4232 ut
328 4194 372 4247 ap.
392 4179 489 4244 editor,
507 4177 590 4231 ettam
608 4178 684 4244 aptit
700 4177 843 4247 Kocttom,
862 4181 910 4248 qut
924 4177 995 4232 tone
1012 4176 1034 4233 t
1051 4178 1218 4246 scriptoram
1234 4194 1290 4232 non

148 4263 276 4329 enotoutt)
293 4279 393 4318 acuum
412 4269 496 4330 caput
512 4263 629 4330 institut,
648 4279 706 4318 oure
725 4266 806 4332 culpo
824 4280 843 4318 a
859 4263 951 4318 uerbis
970 4263 1074 4318 Omnia
1091 4263 1189 4333 itaque
1208 4264 1245 4332 (u.
1260 4263 1289 4330 9)

148 4347 318 4416 institututum·
352 4349 400 4403 sed
424 4349 487 4402 tine
513 4347 618 4402 demum
644 4349 843 4416 arpumeatatio
869 4351 956 4403 dmuo
982 4349 1087 4417 {capit
1114 4365 1183 4417 qaae
1206 4364 1287 4416 prae·

149 4433 245 4488 eedenti
263 4433 440 4501 dimersione,
459 4449 527 4502 quoe
545 4439 704 4501 arpamento
721 4433 803 4488 initio
821 4436 907 4501 aaa&
919 4435 1063 4502 propoato
1081 4435 1224 4490 subiuncta
1241 4440 1289 4501 est,

148 4519 298 4585 interrupta
315 4525 382 4574 erat.
479 4520 512 4573 18
529 4517 560 4573 in
580 4517 642 4572 odd.
662 4518 781 4586 Medeia
866 4517 1051 4588 quesitumA
1136 4521 1170 4574 20
1187 4525 1288 4588 poten-

150 4602 250 4658 tiorum
269 4603 343 4658 odiis
362 4603 492 4672 Medeia,
520 4602 671 4672 potentior
688 4602 815 4659 mutiet
934 4606 969 4660 22
996 4603 1085 4659 alicui
1102 4621 1159 4673 op,
1187 4603 1288 4670 alioui;

150 4689 190 4753 (:
207 4687 342 4753 alicuius)
360 4685 381 4742 Α

1048 4777 1083 4833 ge
