3222 5338
415 485 458 527 sn
480 485 622 528 unnenn
644 489 685 529 nn
706 485 944 548 consonuimus,
967 487 1053 528 xxvu
1248 461 1310 552 211

169 649 319 714 tionibus
363 651 525 736 quicquid
569 651 743 718 habitetur
781 652 929 718 obducet
966 652 1169 736 necabitque
1214 673 1312 716 omne

171 757 294 822 animal
323 760 404 823 orbe
438 761 612 827 submerso
648 767 683 826 et
714 760 850 847 ignibus
884 762 990 826 uastis
1024 759 1165 826 torrebit
1196 760 1312 824 incen-

170 865 295 951 detque
312 869 477 935 mortalia.
522 870 569 934 Et
585 891 661 935 cum
677 876 811 955 tempus
829 869 1014 954 aduenerit,
1033 891 1099 954 quo
1117 891 1154 948 se
1168 868 1313 932 mundus

169 982 393 1042 renoueturus
417 979 609 1064 extinguet,
642 978 770 1044 uiribus
798 979 865 1044 istu
895 1001 931 1043 se
954 978 1023 1043 suis
1046 978 1189 1043 caedent
1211 981 1246 1041 et
1268 975 1311 1040 si·

144 1082 251 1148 edera
285 1084 451 1151 sideribus
483 1087 657 1152 incurrent
690 1093 725 1152 et
758 1087 850 1152 omni
881 1086 1047 1172 flagrante
1074 1084 1216 1152 materia
1243 1106 1311 1149 uno

169 1192 241 1278 igni
263 1194 423 1279 quicquid
444 1217 534 1260 nunc
553 1219 595 1260 ex
612 1195 777 1282 disposito
793 1195 885 1260 lucet
904 1195 1045 1261 audebit.
1089 1195 1159 1260 Nos
1177 1196 1345 1279 quoque?

169 1297 286 1365 felices
314 1303 445 1368 animae
467 1302 476 1388 A
499 1310 534 1369 et
563 1311 702 1370 aeterna
730 1305 879 1390 sortitae,
914 1326 990 1369 cum
1018 1303 1083 1369 deo
1110 1303 1222 1368 uisum
1249 1301 1313 1366 erit
1330 1309 1381 1364 fol.
1395 1311 1450 1364 49¹-

169 1407 292 1473 iterum
313 1409 379 1476 istc
399 1412 520 1498 moliri,
541 1413 736 1478 labentibus
759 1412 889 1478 cunctis
913 1419 948 1476 et
963 1413 1056 1498 ipsae
1072 1434 1179 1497 parua
1194 1411 1311 1476 ruinae
1332 1471 1337 1481 .

169 1516 317 1602 ingentis
340 1521 489 1586 accessio
512 1521 549 1586 in
571 1522 709 1607 antiquo
733 1521 900 1588 elemento
929 1518 1128 1587 uertemur.“

131 1653 156 1688 ιο
254 1627 404 1692 Felicem
425 1628 531 1694 filium
552 1635 656 1714 tuum,
678 1631 816 1716 Marcio,
840 1631 896 1716 qui
917 1625 1072 1696 isto'iom
1092 1629 1206 1694 nouit!

172 1865 462 1936 lnecabitquel1;
489 1869 650 1938 necabitq.*
674 1870 710 1927 A*
814 1873 833 1926 2
856 1870 980 1925 torrebit
997 1867 1016 1925 F
1033 1877 1065 1925 ut
1080 1887 1138 1939 uy.;
1164 1865 1274 1922 orrcbit
1291 1864 1313 1921 A

262 1970 280 2022 4
297 1969 402 2025 cedent
418 1969 447 2039 A,
466 1987 535 2026 corr.
552 1989 596 2040 cy.
691 1972 708 2025 6
724 1972 787 2040 igni
804 1972 840 2040 A;
857 1972 925 2041 igne
942 1970 962 2029 F
978 1979 1012 2028 ut
1028 1990 1072 2041 oy.
1167 1972 1183 2025 7
1201 1957 1265 2041 aine
1291 1968 1313 2024 A

270 2055 288 2107 8
310 2054 369 2108 ista
386 2053 405 2112 F
421 2065 453 2112 ut
468 2073 527 2126 πμ
544 2057 631 2111 istem
648 2056 671 2113 A
773 2058 853 2127 ipsae
871 2075 929 2126 uoq
946 2058 1008 2126 ipse
1026 2057 1049 2114 A
1151 2056 1243 2111 ruinae
1260 2053 1312 2123 l¹;

170 2136 255 2192 ruina
272 2137 306 2194 A¹
406 2144 439 2196 10
455 2143 514 2198 ium
531 2142 654 2198 NOUIT
672 2142 701 2209 A,
719 2143 815 2198 catu
832 2145 994 2211 uctscnbtio
1012 2144 1077 2197 labri
1092 2145 1214 2212 sequitur
1229 2143 1312 2194 minio

168 2224 258 2288 picta:
283 2225 316 2280 L.
333 2227 368 2281 A.
386 2227 495 2300 Senece
517 2229 565 2283 Ad
581 2227 722 2284 Marciam
745 2247 781 2283 ex
799 2229 841 2298 pli
859 2229 906 2283 cit.
931 2227 935 2295 Ι
959 2228 1067 2297 Incipit
1084 2229 1131 2283 Ad
1149 2227 1312 2283 Gallionem

169 2305 214 2365 De
231 2311 294 2366 uita
311 2314 405 2368 beatu.
1022 2317 1025 2323 '
