3144 5344
1207 393 1256 454 IX

194 583 217 642 l
241 592 294 643 aut
315 585 347 642 l¹
371 589 418 644 est
445 602 573 644 manus
599 581 727 660 prima,
761 603 839 660 quaa
865 591 962 642 totum
983 582 1091 642 horum
1111 581 1257 642 librorum

100 695 235 765 textum,
258 687 356 764 qualis
372 687 458 748 initio
475 693 549 762 erat,
572 685 707 764 exceptis
724 679 781 762 iis,'
794 705 873 764 quaa
889 684 1009 746 infolio
1029 688 1085 746 12¹·
1103 687 1255 765 leguntur,

103 791 256 852 exaranit.
301 791 436 851 Litterae
457 787 546 852 modo
569 789 743 866 diligentius
766 795 797 850 ot
818 789 943 850 nitidius
961 789 1061 868 pictae
1080 794 1151 850 sunt
1167 789 1256 850 modo

102 893 320 972 neglegentius
342 893 482 972 scriptae,
512 891 601 953 modo
622 892 752 953 maiores
773 891 863 952 modo
885 892 1026 966 minores,
1048 891 1137 952 modo
1161 892 1256 954 artius

102 997 187 1056 inter
214 1015 249 1056 se
275 996 396 1058 iunctae
422 995 511 1057 modo
538 995 636 1056 laxius
665 993 821 1070 diductam
854 994 887 1054 iu
914 993 983 1054 aliis
1004 995 1141 1073 partibus
1163 995 1258 1056 uerba

103 1098 172 1159 fere
206 1098 306 1160 omnia
334 1100 424 1178 plene
452 1099 569 1176 scribit,
602 1098 633 1158 in
663 1098 730 1158 aliis
763 1093 861 1173 (uelut
887 1097 1016 1158 maxime
1044 1098 1074 1158 in
1103 1098 1190 1158 libris
1219 1097 1258 1158 de

104 1202 281 1262 constantia
314 1201 460 1280 sapientis
494 1208 525 1262 et
557 1200 595 1262 de
624 1196 697 1276 otio)
730 1201 834 1262 multis
863 1200 1048 1280 compendiis
1078 1201 1257 1280 scripturae,

105 1304 164 1364 aad
197 1304 413 1384 simplicissimi
444 1304 565 1384 generis
599 1311 630 1366 ot
662 1324 739 1382 quae
771 1303 862 1366 facile
895 1303 1067 1380 soluantur,
1112 1298 1258 1379 utitur;*)

106 1427 237 1483 quorum
259 1407 396 1486 exempla
418 1407 514 1468 omnis
537 1407 657 1486 generis
678 1408 711 1468 iu
733 1409 946 1470 commentario
969 1408 1084 1484 critico,
1112 1415 1259 1485 quantum

106 1530 164 1587 per
185 1519 327 1590 typorum
348 1512 465 1590 copiam
486 1509 551 1571 fieri
573 1517 701 1590 potarat,
736 1511 801 1572 suis
822 1511 898 1572 locis
920 1511 999 1573 dedi.
1054 1511 1155 1572 Huius
1177 1511 1258 1571 inac-

107 1613 266 1688 qualitatis
292 1614 497 1674 testimonium
518 1613 640 1674 adsone
660 1613 743 1673 libet.
798 1614 837 1676 In
858 1634 1040 1692 unaquaque
1061 1613 1126 1675 fare
1147 1613 1259 1694 pagins
1318 1655 1323 1668 .

108 1717 150 1776 37
173 1735 283 1776 uersus
305 1721 376 1776 sunt
397 1713 601 1794 (quamquam,
624 1737 663 1778 an
683 1717 742 1778 hoc
763 1737 818 1797 por
839 1725 938 1778 toturn
955 1716 1091 1780 codicem
1108 1725 1258 1793 seruetur,

108 1839 170 1878 non
192 1815 337 1894 attendi);
361 1818 417 1880 sad
439 1821 479 1880 37
502 1839 609 1880 uersus
631 1819 697 1881 folii
720 1813 760 1880 7ν
784 1822 924 1882 uersibus
947 1820 1087 1883 editionis
1110 1842 1195 1882 meae
1218 1822 1258 1881 72

108 1921 304 2002 respondent,
328 1922 493 1983 cumidem
509 1942 653 1984 uersuum
669 1924 943 1986 numerusfol.18r
966 1932 998 1986 et
1018 1923 1139 1985 10122*
1163 1925 1258 1984 uersi-

108 2027 167 2086 bus
195 2026 271 2086 meis
299 2020 341 2085 46
368 2026 420 2086 nol
446 2027 487 2085 45
515 2026 713 2106 respondeat;
746 2028 924 2106 plerumque
951 2030 991 2089 37
1015 2027 1129 2090 codicis
1150 2047 1259 2088 uersus

109 2128 201 2207 paulo
223 2129 322 2188 minus
345 2129 501 2189 continent
521 2150 612 2206 quam
629 2131 671 2189 50
688 2149 796 2191 uersus
810 2132 883 2193 mei.
929 2129 1068 2192 Ceterum
1087 2131 1260 2210 perspicere

110 2231 184 2290 mihi
204 2231 319 2309 uideor,
342 2232 478 2310 singulas
501 2232 614 2293 codicis
635 2233 828 2294 Ambrosiani
850 2235 978 2313 paginas
1000 2232 1080 2296 idem
1101 2233 1167 2296 fere
1189 2253 1258 2294 con·

111 2334 217 2409 tinore,
241 2334 323 2410 quod
344 2335 537 2414 archetypus,
561 2355 599 2396 ex
620 2356 680 2412 quo
702 2337 874 2417 descriptus
896 2345 952 2414 ost,
974 2339 1007 2398 in
1028 2337 1156 2416 singulis
1177 2336 1260 2397 soliis

111 2437 274 2513 babuerat;
308 2458 379 2498 nam
406 2438 437 2498 in
466 2439 681 2500 consolationis
708 2439 748 2501 ad
769 2439 928 2519 Polybium
951 2461 1018 2520 cap.
1043 2443 1083 2501 18
1105 2443 1137 2500 Α1
1161 2440 1260 2500 omnia

113 2541 207 2601 uerba
227 2540 299 2601 inde
320 2543 358 2602 ab
382 2542 431 2602 his
453 2544 536 2602 irrito
558 2543 653 2603 dolore
686 2539 717 2618 (ἓ
739 2545 759 2602 2
782 2539 872 2619 extr.)
904 2563 1002 2622 usque
1023 2544 1063 2604 ad
1084 2545 1159 2606 baec
1181 2545 1260 2604 boote

108 2645 209 2716 potius
230 2645 348 2706 modum
369 2651 465 2706 sanct
486 2648 538 2724 qui
568 2642 601 2721 (ἓ
624 2641 656 2721 6)
690 2665 791 2708 errore
812 2641 1020 2722 omiserat,**)
1044 2667 1131 2730 *quae
1152 2666 1259 2707 manus

114 2746 247 2816 secunda
278 2748 309 2807 in
341 2749 477 2828 margins
510 2749 676 2828 suppleuit;
710 2749 785 2810 haec
818 2757 918 2812 autem
950 2751 1045 2810 uerba
1077 2751 1118 2811 25
1151 2768 1259 2811 uersus

114 2868 197 2909 meos
219 2849 355 2930 explant3
384 2871 457 2930 argo
478 2851 544 2912 ueri
566 2851 663 2912 simile
685 2858 733 2913 ast
753 2851 910 2932 librarium
932 2852 1046 2915 codicis
1067 2853 1260 2914 Ambrosiani

115 2971 204 3011 unam
233 2958 330 3014 totam
358 2954 515 3035 archetypi
543 2955 686 3033 paginam
707 2955 922 3017 transmisisse.
977 2955 1026 3018 De
1048 2963 1149 3018 cetera
1170 2955 1260 3016 huius

115 3054 228 3115 librarii
254 3056 286 3116 in
314 3056 514 3118 describendo
536 3077 629 3137 opera
649 3058 726 3119 baec
748 3057 877 3120 dicenda
898 3065 979 3119 sunt.
1034 3057 1176 3120 Dubitari
1198 3079 1259 3118 om-

116 3157 184 3217 nino
206 3158 319 3236 nequit,
348 3160 420 3237 quin
442 3160 474 3221 id
496 3161 601 3240 egerit,
623 3167 658 3221 ut
680 3161 877 3242 archetypum
899 3181 1016 3222 summa
1039 3183 1107 3224 cum
1128 3161 1190 3222 fido
1211 3182 1262 3223 ex-

117 3260 266 3338 primeret,
301 3262 376 3324 nihil
404 3263 442 3324 do
469 3283 525 3324 suo
546 3263 772 3338 intermiscens;
806 3264 910 3341 itaque
931 3265 1124 3344 paucissimis
1145 3271 1263 3326 tanturn

118 3362 190 3422 locis
220 3365 423 3427 coniecturam
451 3363 618 3446 temptasse
645 3365 766 3428 uidetur
798 3365 867 3443 (noc
894 3365 977 3428 felici
1000 3362 1167 3443 successu),
1200 3367 1262 3428 uid.

118 3487 147 3543 p.
170 3467 241 3544 272,
270 3469 305 3542 8;
337 3470 409 3546 273,
432 3471 487 3545 22,
518 3471 591 3544 289,
615 3470 649 3544 2;
680 3471 752 3546 290,
778 3473 832 3544 103
863 3472 934 3546 331,
958 3473 1008 3530 21.
1059 3470 1120 3532 Sed
1142 3491 1211 3531 cum
1232 3471 1264 3531 in

118 3569 219 3647 primis
251 3571 380 3632 maxime
412 3570 497 3632 libris
529 3591 639 3632 munus
672 3591 762 3632 suum
794 3571 968 3650 diligentius
997 3579 1142 3634 executus
1171 3579 1262 3650 esset,

118 3679 222 3749 postea
248 3670 331 3749 (inde
353 3694 371 3734 a
392 3673 598 3735 consolatione
619 3674 658 3735 ad
680 3670 912 3751 Mmciam)***)
939 3675 1033 3736 multo
1055 3674 1264 3753 neglegentior

156 3853 185 3921 *i
201 3853 237 3910 In
255 3854 443 3912 adnotatione
462 3855 499 3912 ad
516 3855 565 3912 lib.
576 3855 612 3914 de
629 3856 674 3912 ira
690 3855 729 3924 II,
747 3857 772 3924 3,
789 3857 807 3912 5
824 3857 906 3920 nulla
924 3857 986 3913 fare
1004 3855 1168 3926 scripturae
1186 3873 1263 3912 com·

200 3941 306 4010 pendia
323 3940 393 3997 inl
416 3941 540 4012 reperiri
563 3941 682 3998 Fickert
709 3941 788 3999 dicit
830 3933 896 3998 Hoc
923 3941 950 3998 ci
972 3941 1042 3998 Itali
1068 3959 1187 3998 narrare
1205 3959 1264 3997 non

200 4032 367 4096 potuerunt,
390 4026 442 4083 sed
464 4027 527 4097 ipsa
550 4026 586 4084 de
610 4045 662 4084 suo
685 4026 804 4084 finxerit
820 4045 940 4084 necessa
958 4033 1012 4096 sat,
1034 4033 1069 4083 ut
1086 4026 1176 4084 otiam
1193 4044 1263 4082 uon-

202 4111 283 4167 nulla
299 4112 365 4178 alia,
383 4130 458 4182 quse
476 4113 512 4170 de
529 4113 552 4170 l
569 4113 724 4183 scripturis
741 4111 872 4170 tradidit.

138 4195 183 4266 ll)
201 4196 273 4264 Quis
288 4197 388 4254 credat
396 4197 544 4254 Kochium
556 4199 606 4255 hic
619 4217 718 4256 errare
726 4198 882 4270 potuisse?
908 4198 1060 4254 Attamen
1073 4196 1105 4254 in
1119 4214 1264 4252 commcn-

201 4281 278 4338 tario
296 4283 410 4339 scribit:
434 4287 562 4352 „inrito
579 4284 680 4341 monuit
697 4285 718 4342 l
736 4285 779 4352 (io
795 4286 919 4354 nraryire
935 4283 1037 4340 adurit
1052 4299 1087 4338 m.
1105 4281 1162 4348 2)“‚
1180 4282 1264 4352 qussi

201 4369 258 4425 hoc
274 4387 364 4426 unum
381 4371 504 4426 uerbum
522 4370 661 4426 omissum
679 4370 731 4427 siti
749 4371 861 4428 Uerum
878 4368 937 4424 iam
951 4367 1080 4425 Fickerti
1099 4368 1264 4423 conlaturos

201 4453 344 4511 dixerant.

123 4541 185 4610 aaa)
203 4539 341 4598 Ceterum
365 4541 468 4597 critica
490 4541 576 4598 huius
594 4541 805 4598 maximenon
823 4539 954 4596 condicio
973 4557 1008 4596 ea
1026 4546 1078 4607 ast
1105 4539 1215 4596 utiam
1233 4539 1265 4596 in

201 4624 363 4698 archetypo
381 4644 448 4682 sum
465 4633 583 4698 praeter
600 4633 714 4684 ceteros
732 4628 823 4684 libros
836 4627 912 4684 mals
926 4625 1060 4684 habitum
1075 4625 1167 4682 fuisse
1183 4625 1264 4681 colli-

201 4728 271 4782 gers
288 4710 441 4782 possimus.
