3246 5332
274 379 317 446 34
501 407 528 447 n.
552 406 671 448 anunm
692 404 829 446 sennenn
851 405 1051 450 nrmoeoavn
1072 407 1134 448 nra.
1157 407 1192 450 11.

274 578 314 636 ut
355 572 555 636 intentatam
592 593 725 636 manum
768 571 901 635 deicere
940 571 1060 656 aliquis
1100 595 1201 638 casus
1236 578 1352 657 potest
1386 579 1421 637 et

276 681 398 746 emissa
429 680 499 744 tela
531 679 715 763 declinare,
758 680 807 744 ita
838 680 977 744 iniurias
1011 681 1274 766 qualescumque
1306 688 1421 767 potest

275 787 387 873 aliqua
415 810 470 853 res
497 788 662 874 repellere
692 794 727 852 et
753 788 789 852 in
809 787 922 853 medio
944 789 1157 875 intercipere,
1191 796 1230 855 ut
1253 796 1288 854 et
1308 789 1422 855 factae

276 897 344 961 sint
364 919 428 961 nec
451 889 622 983 acceptae.
1480 959 1482 963 .

242 1014 257 1067 1
359 1005 456 1072 vm.
505 1006 689 1070 Praeterea
720 1005 849 1070 iustitia
881 1005 966 1068 nihil
997 1005 1160 1073 iniustum
1193 1007 1265 1092 pati
1297 1013 1449 1092 potesta

274 1115 353 1199 qm'a
385 1137 456 1179 non
478 1120 604 1180 coeunt
625 1115 809 1198 contraria,
841 1115 963 1179 iniuria
985 1121 1098 1180 autem
1119 1136 1191 1179 non
1211 1121 1327 1200 potest
1348 1114 1423 1179 fieri

273 1224 340 1288 nisi
365 1223 506 1288 iniuste:
542 1245 623 1308 ergo
653 1223 798 1309 sapienti
823 1223 946 1289 iniuria
973 1245 1043 1289 non
1070 1231 1185 1309 potest
1211 1223 1295 1288 fieri
1350 1223 1423 1287 Nec

277 1338 330 1397 est
357 1337 449 1416 quod
475 1332 615 1415 mireris,
650 1333 679 1396 si
705 1354 806 1397 nemo
828 1331 878 1396 illi
900 1338 1016 1418 potest
1036 1333 1194 1398 iniuriam
1214 1331 1345 1398 facere:
1378 1353 1423 1395 ne

275 1440 452 1526 prodesse·
480 1441 617 1526 quidem
657 1441 834 1526 quisquam
872 1448 996 1526 potest.
1070 1442 1115 1506 Et
1155 1441 1300 1526 sapienti
1338 1439 1423 1504 nihil

276 1549 383 1633 deest,
417 1550 508 1634 quod
536 1549 691 1636 accipere
718 1551 827 1636 possit
854 1550 931 1616 loco
959 1551 1118 1634 muneris,
1154 1557 1188 1614 et
1209 1549 1317 1614 malus
1338 1548 1423 1613 nihil
1437 1580 1462 1615 10

276 1663 391 1744 potest
413 1658 553 1744 dignmn
574 1659 723 1723 tribuere
746 1659 914 1744 sapiente3
942 1658 1069 1723 habere
1094 1660 1183 1723 enim
1204 1659 1297 1744 prius
1320 1657 1425 1722 debet

276 1765 392 1852 quam'
417 1766 508 1851 dare,
550 1765 636 1830 nihil
674 1774 787 1832 autem
824 1766 939 1848 habet,
974 1767 1065 1853 quod
1098 1768 1143 1834 ad
1176 1791 1213 1832 se
1246 1765 1425 1832 transferri

241 1876 412 1962 asapiens
450 1875 627 1961 gauisurus
661 1876 715 1940 sit.
780 1877 858 1941 Non
890 1883 1005 1962 potest
1039 1899 1120 1961 ergo
1155 1876 1333 1962 quisquam
1366 1881 1425 1940 aut

275 2007 400 2050 nocere
429 1985 575 2071 sapienti
603 1990 662 2049 aut
687 1985 859 2070 prodesse,
895 1987 1054 2069 quoniam
1082 1986 1196 2050 diuina
1222 2008 1287 2050 nec
1316 1984 1426 2049 iuuari

276 2094 472 2159 desiderant
493 2115 557 2158 nec
579 2092 671 2158 laedi
691 2100 845 2180 possunt,
868 2095 1002 2180 sapiens
1025 2101 1139 2159 autem
1161 2095 1293 2159 uicinus
1311 2093 1424 2180 proxi-
1438 2121 1463 2158 n

275 2225 417 2286 musque
440 2201 492 2266 dis
516 2203 679 2288 consistit,
714 2209 857 2287 excepta
879 2203 1086 2268 mortalitate
1109 2203 1226 2268 similis
1249 2202 1324 2268 dec.
1368 2201 1426 2266 Ad

275 2310 334 2376 illa
355 2311 468 2376 nitens
490 2333 705 2397 pergensque
729 2311 871 2395 excelsa,
902 2312 1066 2402 ordinata,
1089 2312 1269 2396 intrepida,
1292 2310 1426 2396 aequali

277 2425 313 2482 et
335 2419 497 2485 concordi
519 2442 619 2484 cursu
640 2418 789 2504 fluentia,
823 2443 950 2505 secura,
984 2422 1142 2505 benigna,
1171 2421 1263 2485 bono
1286 2419 1425 2504 publico

275 2533 366 2611 nata,
400 2535 435 2592 et
467 2528 533 2593 sibi
566 2536 601 2594 et
633 2529 706 2594 aliis
741 2527 900 2593 salutaria
927 2527 1012 2592 nihil
1039 2528 1166 2594 humile
1197 2528 1425 2613 concupiscet,

242 2634 361 2698 3nihil
381 2635 486 2702 flebit.
532 2635 598 2712 Qui
619 2636 744 2701 rationi
764 2637 898 2701 innixus
920 2658 983 2723 per
1002 2637 1169 2702 humanos
1192 2659 1290 2702 casus
1309 2636 1424 2701 diuino
1440 2665 1465 2700 ευ

276 2743 405 2808 incedit
443 2744 571 2828 animo,
616 2766 686 2809 non
724 2745 839 2828 habet,
882 2745 941 2810 ubi
982 2747 1127 2831 accipiat
1166 2746 1336 2829 iniuriam;
1381 2745 1424 2810 ab

277 2851 414 2916 homine
447 2875 501 2916 me
534 2859 667 2918 tantum
700 2853 812 2918 dicere
839 2855 961 2940 putas?
994 2877 1037 2917 ne
1067 2877 1087 2918 a
1112 2851 1250 2918 fortuna
1279 2852 1424 2938 quidem,

280 2982 375 3044 quae,
410 2961 567 3045 quotiens
596 2984 672 3026 cum
698 2962 824 3026 uirtute
854 2984 1037 3047 congressa
1065 2968 1126 3045 est,
1159 2983 1343 3046 numquam
1364 2937 1453 3046 pal-

278 3069 429 3134 recessit.
464 3068 501 3133 Si
522 3069 704 3135 maximum
724 3070 817 3154 illud,
839 3070 928 3135 ultra
950 3070 1042 3155 quod
1062 3069 1146 3134 nihil
1167 3069 1298 3135 habent
1318 3070 1424 3134 iratae

281 3328 296 3379 1
327 3326 502 3381 intentatam
528 3313 647 3381 manum
673 3325 806 3381 Gruterm
832 3342 865 3379 aa
891 3342 945 3380 ano
964 3324 999 3394 D;
1026 3326 1171 3382 intentata
1196 3325 1324 3382 manuA

279 3415 296 3466 2
314 3411 421 3467 emissa
439 3410 472 3478 Α;
490 3413 583 3466 malim
600 3409 731 3464 immissa
799 3411 816 3464 3
833 3411 974 3479 repellere
992 3411 1026 3479 Α;
1045 3412 1189 3480 depellere
1206 3429 1258 3481 aq,
1275 3412 1342 3477 fort.
1357 3418 1427 3465 recle

398 3541 573 3616 5preleal
685 3506 785 3612 vll,
803 3555 835 3602 al
851 3550 963 3612 saepiae
977 3565 1030 3616 pro
1047 3549 1105 3603 nisi
1198 3529 1347 3603 8mireris
1366 3545 1421 3600 si..

278 3633 384 3689 facere.
403 3651 440 3688 ne
459 3632 488 3698 Α,
509 3641 538 3688 ul
554 3633 715 3700 interpret-nal
735 3632 812 3689 sad.
831 3636 889 3688 crit.
903 3650 934 3701 p.
952 3636 986 3688 63
1089 3633 1132 3687 illi
1153 3639 1251 3702 potest
1268 3631 1302 3699 l;
1329 3637 1426 3701 potest

280 3770 324 3824 illi
341 3787 385 3838 ay.
456 3770 488 3823 15
505 3769 582 3841 ledia
599 3769 635 3838 Α;
654 3770 719 3839 quid
737 3787 845 3825 aarum
861 3769 905 3837 sit,
923 3771 1021 3826 macic
1092 3772 1125 3825 16
1143 3729 1187 3825 dis
1205 3771 1285 3837 (corr.
1303 3786 1337 3824 m.
1355 3767 1427 3833 all

1261 3855 1276 3894 a

279 3923 459 3979 mortalitate
478 3923 582 3978 similis
600 3923 637 3978 do
655 3921 691 3978 Α1
710 3924 741 3977 in
758 3940 813 3978 raa.
830 3931 939 3991 praeter
957 3926 1063 3980 litterae
1089 3943 1136 3980 mo
1244 3910 1328 3980 aliha
1345 3923 1426 3980 ΑΗ

383 4027 416 4080 18
442 4043 570 4093 secur-ue,
598 4025 749 4093 benignus,
776 4027 804 4080 b.
822 4043 849 4096 p.
868 4034 962 4094 natus,
990 4026 1200 4083 et..salutaris
1224 3996 1293 4082 coli.
1312 4027 1428 4094 Lipsius

1376 4130 1394 4165 a

281 4198 336 4236 non
352 4183 573 4252 improbabiliter,
591 4181 710 4234 manime
723 4187 838 4248 propter
856 4180 911 4234 sibi
1016 4183 1048 4235 19
1074 4181 1184 4236 humile
1202 4198 1258 4250 ²⁴94
1276 4181 1380 4235 humili
1398 4179 1427 4247 l,

282 4271 307 4323 ei
333 4278 402 4324 recte
429 4268 553 4324 cantauit
569 4265 660 4332 Kocl;
686 4280 752 4318 nam
778 4281 862 4332 nemea
888 4282 935 4333 epo
961 4283 1045 4334 neque
1061 4266 1187 4321 Fickerti
1212 4269 1354 4321 collatores
1379 4266 1429 4318 loc

281 4355 410 4408 uidimus.
530 4353 564 4404 20
590 4350 681 4406 flebit.
726 4349 937 4418 Qui..animo‚
963 4369 1022 4406 non
1048 4355 1209 4420 interplicat
1234 4353 1251 4406 l.
1279 4355 1310 4418 l.;
1336 4350 1428 4416 flebit,

282 4439 480 4508 qui..animo.
516 4436 582 4490 Non
599 4435 763 4504 uy.;flebit.
783 4435 1027 4504 q..animo.1'1h
1129 4439 1162 4490 21
1181 4437 1291 4492 incedit
1308 4433 1427 4492 murell]

280 4531 307 4579 et
323 4526 382 4578 edd.
401 4524 516 4591 antiqq3
539 4521 689 4578 incedlrl
775 4523 809 4576 22
828 4539 864 4576 ne
882 4540 900 4575 a
917 4521 1036 4576 fortuna
1053 4540 1108 4593 que
1126 4521 1173 4587 ΑΗ
1192 4524 1241 4578 aed
1257 4523 1344 4592 quide
1361 4539 1383 4576 a.
1401 4539 1428 4578 a.

281 4610 344 4664 add.
362 4608 400 4665 l*
