3144 5344
167 403 237 464 XII

170 596 242 669 204,
266 596 300 667 4,
325 593 397 666 248,
421 594 455 665 3,
479 593 552 666 388,
576 592 615 650 16
639 597 811 666 occurrunt,
846 591 911 652 sinc
933 591 1024 652 dubio
1046 592 1105 670 ipsi
1127 594 1159 651 4ι
1181 590 1315 649 tribuen-

169 692 235 758 doe'
254 691 347 771 sunt).
401 695 555 771 Denique,
589 693 670 771 quod
697 691 819 754 maximi
846 695 989 755 momenti
1016 701 1072 769 est,
1106 695 1182 755 heco
1208 711 1315 754 monus

168 821 223 880 per
244 806 342 885 totum
363 797 498 859 codicem
520 817 612 858 uoces
635 797 771 874 singulas
793 805 847 856 aut
862 817 970 858 uocum
986 799 1091 873 series',
1115 816 1191 874 quus
1208 817 1315 856 manus

168 903 265 982 prima
292 921 394 962 errore
416 900 568 976 omiserat,
603 907 655 959 aut
676 918 769 978 supro
791 919 914 960 uersum
936 907 989 960 aut
1010 900 1104 961 multo
1127 901 1316 978 frequentius

168 1006 199 1065 in
231 1004 366 1083 margine
397 1003 518 1079 adiecit,
551 1003 729 1082 plerumque
759 1003 810 1079 ita,
844 1011 879 1063 ut
907 1004 939 1066 in
967 1011 1053 1064 textu
1081 1011 1194 1084 puncto
1224 1023 1316 1082 supra

167 1128 289 1169 uersum
315 1107 415 1186 posito
442 1106 600 1182 indicaret,
635 1125 693 1181 quo
721 1105 788 1165 loco
817 1107 929 1168 omisso
954 1106 1116 1168 inserendo
1138 1113 1249 1181 essent,
1283 1111 1314 1164 et

167 1217 312 1290 punctum
334 1217 404 1270 ante
426 1210 520 1271 uerba
541 1208 662 1285 omisso,
697 1209 828 1285 quaein
848 1209 985 1286 margine
1006 1209 1148 1284 oddebet,
1175 1211 1312 1282 iterarem

167 1313 226 1374 huc
242 1313 338 1376 maior
354 1333 426 1393 pers
444 1332 547 1373 eorum
562 1310 696 1372 locorum
714 1312 855 1391 pertinet,
878 1331 955 1388 quos
967 1311 1054 1372 Stud.
1067 1313 1133 1373 crit.
1145 1332 1174 1391 p.
1190 1313 1315 1371 15-34

168 1416 307 1496 tructam,
341 1422 371 1476 et
401 1416 439 1476 de
466 1415 576 1492 quibus
603 1435 651 1475 mo
673 1421 798 1494 propter
819 1414 955 1478 Fickerti
978 1421 1143 1495 apparatus
1165 1414 1314 1476 condicio·

168 1540 238 1580 nem
264 1519 416 1581 interdum
438 1517 577 1578 dubitare
598 1517 757 1597 professus
780 1536 857 1595 sum,
891 1525 992 1578 utrum
1013 1518 1088 1580 hacc
1111 1518 1317 1580 additamento

168 1621 342 1702 recipienda
364 1629 467 1682 essent
487 1641 592 1682 necne.
649 1621 710 1682 Sed
731 1621 841 1682 uellem
863 1621 1000 1682 Kochius
1022 1621 1196 1699 diligentius
1219 1620 1257 1681 od
1280 1641 1316 1681 ee

169 1727 264 1785 uerbo
274 1724 463 1800 attendisset,
476 1725 585 1802 quibus
596 1725 645 1785 hic
657 1743 731 1785 usus
742 1744 823 1800 sum;
841 1726 885 1786 ito
895 1725 975 1786 enim
985 1747 1015 1804 p.
1030 1728 1070 1786 14
1081 1745 1127 1802 sq.
1140 1725 1218 1788 dixi:
1238 1723 1315 1804 ,His

167 1828 242 1889 locis
265 1847 355 1904 quarn
376 1828 505 1889 maxime
527 1846 604 1906 opus
628 1834 701 1903 erat,
725 1827 931 1889 utFiclrertus
954 1830 1098 1890 certiores
1117 1848 1174 1889 nos
1190 1827 1314 1901 fuceret,

169 1939 270 1991 utrum
291 1931 367 1992 haec
389 1930 596 1991 additamento
618 1931 655 1991 ab
678 1930 745 2009 ipso
767 1930 889 1991 librario
920 1938 983 1992 aut
1005 1939 1109 1992 certe
1131 1953 1149 1992 a
1171 1951 1315 1992 correo·

170 2041 253 2094 tore
281 2034 431 2111 aequali
458 2033 595 2113 proiecte
622 2040 735 2109 essent,
770 2054 808 2094 an
835 2035 979 2096 seriorem
1006 2029 1128 2096 menum
1156 2034 1316 2096 ostendere

169 2136 358 2223 uiderentur3
398 2157 468 2198 nam
505 2137 533 2197 si
564 2136 639 2197 illud
671 2136 787 2197 fectum
820 2143 881 2212 est,
922 2138 1133 2200 auctoritatem
1166 2136 1317 2214 quandam

170 2240 284 2301 hebent
304 2249 335 2302 et
356 2240 456 2317 fidem,
485 2247 519 2300 ut
539 2240 615 2301 hoec
637 2260 670 2300 re
691 2259 765 2301 uero
786 2240 817 2322 in
840 2241 1004 2321 archetypo
1027 2240 1123 2302 fuisse
1145 2240 1316 2301 necessario

170 2341 236 2403 fere
258 2343 380 2404 credere
403 2364 559 2423 cogamur;
595 2343 765 2404 sinautem
788 2344 886 2412 serius
909 2343 1063 2423 adscripta
1086 2350 1165 2418 sunt,
1200 2343 1316 2404 coniec-

170 2454 306 2507 turarum
332 2468 456 2509 numero
483 2447 623 2508 habendo
650 2453 730 2522 sunt,
764 2447 872 2524 hisque
898 2447 973 2507 locis
995 2447 1083 2508 nobis
1106 2466 1225 2524 quoque
1246 2465 1316 2507 con·
1420 2529 1423 2536 Ι

170 2549 301 2610 iecturos
323 2557 441 2611 tentare
463 2550 577 2625 licebit,
601 2550 698 2610 sicubi
720 2550 827 2612 melius
850 2555 881 2618 et
902 2549 1022 2610 facilius
1043 2549 1118 2610 uitia
1136 2567 1192 2610 nos
1210 2548 1317 2608 tollere

170 2672 262 2730 posse
293 2648 531 2732 putauerimus“
594 2653 626 2712 Si
658 2652 716 2713 hoc
747 2652 890 2712 memorie
922 2653 1070 2714 tenuisset
1101 2659 1317 2732 praetereaque

172 2755 437 2817 animaduertisset
468 2754 620 2818 interdum
652 2775 700 2815 me
728 2755 816 2816 falsis
843 2755 979 2816 Fickerti
1008 2757 1128 2818 indIciis
1158 2755 1318 2834 deceptum

172 2877 250 2932 esse,
283 2858 421 2937 plmibus
448 2859 523 2920 locis
550 2859 649 2918 minus
677 2858 779 2934 inique
800 2879 917 2920 mecum
940 2860 1063 2938 egisset.
1116 2859 1215 2933 Nunc,
1250 2878 1318 2918 cum

172 2960 307 3022 codicem
335 2961 402 3041 ipse
429 2961 557 3022 uiderim
584 2969 616 3023 et
643 2961 915 3024 additamentomm
942 2963 1087 3041 originem
1108 2967 1317 3042 perscrutatus

172 3063 244 3140 είιιι,
279 3064 345 3126 sine
373 3065 434 3125 ullo
461 3064 648 3128 dubitatione
676 3086 712 3126 eo
739 3064 960 3143 additamento,
994 3087 1071 3143 quae
1098 3067 1132 3125 1¹
1159 3066 1316 3140 debentur,

173 3174 327 3245 tamquam
354 3169 484 3246 genuine
511 3169 668 3248 scriptoris
696 3170 791 3229 uerba
812 3169 940 3248 recipio;
975 3170 1012 3229 de
1035 3169 1102 3229 aliis
1124 3189 1184 3229 non
1206 3167 1321 3227 frustra

174 3291 222 3330 me
255 3271 412 3333 dubitasse
451 3272 580 3333 conlatio
614 3271 727 3332 codicis
760 3272 901 3350 ostendit.
967 3272 1083 3333 Eadem
1116 3270 1321 3332 additamenta

173 3373 312 3434 Kochius
339 3376 370 3434 in
397 3375 492 3455 praef.
515 3396 606 3454 pagg.
628 3375 709 3435 XVI
736 3395 803 3452 sqq.
827 3377 1023 3450 enumerauit,
1057 3374 1111 3435 sed
1133 3373 1321 3434 diuersemim

173 3497 315 3537 manuum
348 3477 553 3540 additamenta
585 3498 646 3538 non
679 3496 800 3557 semper
827 3486 912 3538 recte
938 3479 1018 3539 inter
1045 3497 1078 3538 se
1106 3475 1244 3538 distinxit
1275 3471 1322 3550 (ut

144 3656 147 3662 Ι
173 3581 233 3640 iam
262 3601 354 3661 supra
382 3581 444 3641 dixi
472 3601 540 3641 eum
559 3580 720 3658 quaedam,
755 3601 834 3658 queo
856 3581 922 3642 sinc
944 3581 1035 3642 dubio
1058 3581 1096 3641 ed
1118 3599 1239 3640 menum
1260 3577 1320 3657 pri-

174 3704 253 3743 mam
275 3684 471 3763 pertinerent,
494 3684 533 3744 ad
555 3685 588 3743 1²
609 3679 788 3758 rettulisse).

259 3776 359 3865 Igitur
381 3793 464 3849 certo
484 3786 574 3848 huius
595 3806 702 3847 munus
725 3785 929 3848 additamenta
950 3787 999 3848 his
1020 3787 1096 3848 locis
1113 3784 1319 3846 inueniuntur:

175 3911 205 3967 p.
228 3892 258 3966 2,
290 3891 344 3960 17;
380 3892 408 3966 6,
432 3892 488 3966 28,
523 3892 553 3966 8,
576 3893 631 3965 213
667 3891 696 3966 9,
720 3893 777 3964 21,
813 3891 941 3965 10,15;
978 3891 1107 3966 11,16,
1144 3889 1193 3964 14,
1216 3887 1236 3945 8
1259 3905 1319 3962 sqq

88 4055 92 4064 ,
177 3994 227 4069 17,
252 3993 306 4067 10,
336 3995 385 4067 19,
410 3996 464 4066 11,
494 3995 544 4069 32,
568 3995 624 4066 26,
654 3995 705 4069 33,
730 3995 783 4068 18,
807 3994 858 4067 34,
882 3994 937 4066 22,
962 3994 1012 4068 37,
1036 3995 1091 4068 21,
1116 3992 1167 4066 46,
1190 3989 1209 4048 5
1233 3995 1264 4049 et
1285 3991 1319 4062 8;

177 4097 227 4171 74,
253 4098 307 4170 14,
339 4097 389 4171 96,
415 4097 468 4170 17,
498 4096 549 4170 99,
573 4096 628 4171 25,
660 4098 730 4173 110,
754 4098 809 4172 28,
842 4096 912 4171 117,
936 4097 969 4169 6,
996 4096 1145 4171 137,13,
1171 4093 1320 4167 168,13,

177 4201 248 4274 171,
271 4201 328 4274 21,
354 4199 424 4273 176,
448 4199 484 4272 7,
510 4199 579 4274 177,
602 4200 655 4273 15,
682 4200 828 4275 186,18,
851 4199 923 4273 209,
946 4200 999 4272 14,
1023 4197 1170 4272 227,15,
1194 4197 1266 4271 261,
1287 4197 1320 4268 3,

176 4303 248 4377 268,
272 4304 306 4375 3,
331 4302 403 4376 302,
429 4302 483 4375 10,
508 4303 579 4378 303,
605 4303 659 4377 16,
684 4304 756 4378 311,
781 4303 814 4376 1,
838 4303 910 4376 318,
933 4304 968 4376 2,
993 4303 1064 4372 320,
1088 4301 1143 4371 23,
1168 4300 1240 4374 321,
1264 4299 1319 4371 21,

176 4405 248 4481 325,
272 4407 307 4479 8,
337 4405 409 4476 330,
434 4404 488 4478 13,
519 4406 590 4479 374,
615 4407 630 4465 1
656 4423 739 4482 sqq.;
770 4406 842 4481 380,
867 4404 899 4478 7,
929 4405 1002 4479 410,
1026 4405 1075 4463 22.
1120 4402 1240 4462 Rursus
1263 4401 1322 4460 alie

176 4513 256 4584 sunt,
291 4490 472 4584 dequibus
504 4505 649 4583 dubitaui,
682 4513 783 4568 utrum
816 4506 855 4568 ad
888 4506 921 4564 1²
954 4527 993 4566 nn
1025 4506 1064 4566 od
1097 4507 1130 4565 1³
1162 4503 1322 4566 referenda

176 4616 289 4686 essent,
323 4609 379 4671 sed
407 4628 484 4687 quoe
513 4608 605 4669 nihilo
633 4611 731 4670 minus
758 4616 912 4688 tamquam
940 4615 1023 4668 certa
1045 4628 1080 4669 ec
1102 4608 1183 4668 bona
1204 4607 1320 4687 recepi;

176 4712 251 4773 haec
283 4711 331 4771 his
363 4712 439 4772 locis
472 4712 678 4772 inueniuntur:
711 4734 742 4791 p.
772 4713 822 4790 37,
851 4713 885 4786 5,
919 4713 970 4787 42,
1002 4713 1040 4770 15
1071 4706 1125 4788 (1),
1163 4712 1233 4785 186,
1264 4710 1319 4784 13,
