3144 5344
1151 391 1280 450 XXVII

132 581 223 638 etiam
250 599 330 638 nunc
359 579 554 652 haberemus,
589 599 753 656 omnesque
776 579 906 640 omnium
929 580 1098 658 scripturae
1121 580 1281 658 diligenter

132 689 272 742 enotatas
295 689 411 756 essent,
435 703 504 742 nam
526 683 569 742 ita
591 682 710 744 demum
732 703 802 742 cum
824 683 925 759 aliqua
946 683 1011 742 ueri
1033 683 1206 744 inueniendi
1225 703 1279 763 spe

130 786 188 844 hoc
211 805 287 864 opus
310 805 382 846 sane
405 783 618 846 difficillimum
640 786 765 864 adgredi
786 787 901 861 liceret,
929 794 964 846 ut
993 785 1130 847 codicum
1153 795 1279 848 stemma

130 909 369 967 proponeremus
396 889 586 965 maximeque
617 888 694 949 duas
726 890 793 949 illas
817 889 928 967 stirpes
962 889 1100 950 diuersas
1134 891 1213 950 inter
1246 911 1279 950 se

131 992 385 1070 distingueremus
403 999 493 1068 atque
515 993 558 1052 ita
580 993 661 1052 uiam
682 994 770 1053 nobis
792 993 831 1052 ad
854 993 1020 1071 apographi
1042 992 1122 1052 illius
1145 993 1281 1054 habitum

132 1096 374 1172 cognoscendum
395 1097 589 1171 muniremus,
612 1103 645 1155 ut
666 1096 724 1155 hcc
746 1095 829 1156 facto
852 1096 902 1156 uel
924 1096 1089 1175 apographi
1112 1097 1279 1175 scripturas

132 1219 199 1258 cum
222 1199 326 1260 codice
347 1199 550 1259 Ambrosiano
580 1219 754 1277 comparare
781 1199 912 1275 indeque
935 1199 1152 1260 accuratiorem
1176 1199 1279 1259 arche·

131 1302 197 1379 typi
225 1303 361 1361 notitiam
389 1303 545 1381 percipere
572 1321 731 1380 possemus
759 1303 809 1362 uel
838 1323 943 1362 rursus
970 1302 1148 1379 intellegere
1177 1311 1206 1361 et
1229 1323 1280 1362 ex-

131 1405 259 1482 plicare,
294 1405 442 1483 quomodo
476 1404 666 1464 librariorum
699 1405 843 1485 deinceps
876 1426 909 1464 se
944 1405 1156 1483 excipientium
1189 1426 1281 1484 opera

115 1508 265 1568 .Senecae
294 1511 388 1568 uerba
421 1529 458 1568 ex
492 1529 527 1567 ea
560 1507 672 1583 forma,
707 1531 796 1586 quam
829 1511 860 1568 in
892 1509 1057 1586 archetypo
1091 1509 1280 1584 habuissent,

132 1612 243 1670 sensim
271 1613 303 1670 in
331 1633 398 1672 eam
425 1611 541 1672 deflexa
571 1619 688 1686 essent,
731 1633 808 1688 quae
837 1614 868 1672 in
896 1612 1051 1671 codicibus
1080 1612 1280 1671 deterioribus

132 1715 235 1774 multis
256 1715 354 1776 modis
376 1716 495 1774 uariata
516 1716 604 1774 nobis
626 1713 769 1788 offertur,
793 1715 904 1790 quidue
926 1716 956 1774 in
979 1715 1017 1774 iis
1040 1714 1133 1788 fonti,
1162 1735 1199 1774 ex
1221 1735 1280 1791 quo

131 1817 255 1878 deducti
287 1819 362 1888 sint,
396 1819 470 1894 quid
501 1819 661 1896 posteriori
693 1818 917 1896 interpolationi
951 1816 1121 1878 deberetur.
1188 1818 1277 1878 Nunc

131 1941 213 1995 uero,
238 1941 305 1980 cum
327 1941 365 1980 ex
386 1922 434 1981 his
458 1921 613 1982 codicibus
635 1923 722 1980 multi
745 1923 810 1982 sine
833 1921 926 1981 dubio
948 1923 1009 1980 iam
1027 1921 1206 1991 interierint,
1231 1921 1281 1980 alii

130 2023 265 2082 nondum
286 2024 431 2102 protracti
454 2025 529 2098 sint,
565 2035 732 2086 ceterorum
756 2025 886 2102 denique
915 2027 1037 2104 saepius
1070 2025 1280 2104 imperfectam

131 2133 250 2186 tantum
276 2127 414 2188 notitiam
445 2129 627 2203 habeamus,
662 2130 776 2190 frustra
803 2131 1010 2190 laboratmum
1039 2148 1108 2190 esse
1138 2129 1282 2188 audacter

132 2228 273 2316 adfirmo,
304 2231 330 2288 si
363 2232 431 2306 quis
463 2232 521 2291 hoc
555 2252 631 2311 opus
665 2233 791 2310 adgredi
823 2232 954 2292 uoluerit
986 2233 1174 2308 maximeque
1207 2252 1280 2309 apo-

131 2332 279 2410 graphum
306 2333 382 2392 illud
409 2334 497 2394 nobis
525 2335 610 2394 uelut
637 2331 867 2414 repraesentare
894 2336 1020 2394 tentarit
1049 2342 1081 2395 et
1110 2334 1280 2411 ostendere,

133 2455 210 2510 quae
232 2435 302 2496 inde
324 2436 355 2494 in
378 2436 499 2496 codices
521 2435 688 2496 deteriores
709 2439 861 2511 uenerint;
886 2427 1040 2497 inhaere
1058 2439 1281 2516 suspicionibus

131 2539 228 2615 magis
256 2539 393 2600 minusue
422 2541 513 2600 certis
542 2541 675 2599 contenti
703 2560 772 2600 esse
799 2541 943 2618 cogimur.
999 2541 1089 2600 Addo
1118 2561 1153 2600 co
1181 2541 1281 2600 minus

131 2641 209 2700 hanc
231 2642 456 2717 inquisitionem
477 2642 516 2702 ad
540 2651 655 2702 certum
677 2643 767 2704 finem
788 2643 914 2722 perduci
936 2663 1043 2723 posse,
1074 2643 1155 2720 quod
1176 2644 1280 2703 multis

133 2744 318 2821 argumentis
340 2747 463 2823 probari
483 2753 587 2824 potest
609 2747 746 2808 diuersas
770 2748 881 2826 stirpes
904 2767 996 2826 saepe
1013 2749 1045 2806 in
1061 2748 1108 2806 his
1127 2747 1281 2806 codicibus

132 2848 210 2906 inter
238 2867 271 2907 se
298 2849 408 2908 mixtas
438 2857 469 2910 et
497 2849 641 2910 confusas
671 2871 753 2926 esse,
789 2852 871 2929 quod
898 2859 932 2910 ut
955 2850 1173 2924 demonstrem,
1207 2849 1282 2910 haec

134 2950 277 3010 adferam.
323 2951 357 3010 P.
379 2954 449 3026 126,
473 2955 514 3012 24
535 2960 659 3014 nostrae
682 2954 823 3015 editionis
845 2956 940 3015 uerba
962 2975 991 3030 q.
1013 2973 1037 3013 s.
1053 2955 1142 3012 robur
1163 2955 1285 3026 scaphii

132 3053 244 3113 habent
271 3061 392 3132 praeter
422 3055 496 3115 alios
523 3055 646 3116 Gruteri
669 3056 728 3118 duo
751 3058 872 3118 codices
894 3057 1025 3116 Palatini
1047 3053 1093 3130 (pa
1111 3062 1142 3114 et
1158 3055 1200 3131 1²¹,
1223 3055 1282 3113 nisi

131 3157 211 3232 quod
243 3158 292 3218 hic
326 3161 449 3232 incipiat
479 3156 632 3236 praebet),
668 3162 779 3220 omittit
806 3181 874 3220 cum
899 3163 921 3218 ll
947 3158 1042 3220 codex
1069 3159 1278 3218 Berolinensis

131 3257 230 3334 (quem
252 3261 377 3322 Fickert
404 3262 435 3320 in
462 3263 510 3321 hie
539 3262 576 3322 de
598 3263 644 3322 ira
666 3264 751 3322 libris
773 3266 798 3338 β,
827 3263 859 3322 in
882 3263 991 3322 ceteris
1014 3263 1034 3321 B
1058 3258 1175 3336 uocat);
1210 3260 1281 3321 inde

132 3363 297 3424 certissime
320 3347 458 3424 concludi
480 3385 572 3443 posse
602 3365 737 3442 uidetur,
767 3367 845 3440 tad
867 3367 992 3444 stirpem
1015 3387 1051 3426 ex
1074 3369 1095 3426 Α
1119 3364 1281 3425 deductam

130 3466 295 3542 pertinere,
330 3469 384 3522 ΡΙΜ
407 3491 443 3530 ex
466 3469 561 3528 altero
591 3469 778 3546 apographo,
809 3469 889 3545 quod
912 3471 941 3526 X
966 3471 1096 3545 uocabo,
1132 3469 1280 3528 deductos

132 3587 208 3628 esse.
254 3570 316 3630 Sed
338 3593 368 3650 p.
393 3574 443 3647 59,
468 3574 524 3647 29,
548 3571 599 3630 ubi
621 3571 652 3630 in
674 3573 695 3628 Α
715 3570 789 3631 haec
811 3571 954 3649 legimus:
986 3577 1015 3631 in
1032 3575 1139 3646 primis
1161 3574 1280 3644 tumtum

131 3671 240 3740 linibus
261 3675 348 3734 hostis
377 3677 522 3736 arcendus
551 3681 605 3748 ast,
640 3675 734 3733 uerba
762 3677 792 3733 in
813 3677 920 3747 primis
948 3695 966 3733 a
994 3675 1098 3735 codice
1120 3676 1137 3749 β
1159 3676 1280 3748 absunt,

131 3773 202 3834 item
225 3797 243 3834 a
260 3779 325 3854 ΡΜ,
349 3780 399 3855 qui
422 3780 497 3838 haec
518 3780 645 3838 habent:
668 3781 700 3836 ia
724 3779 886 3847 conturbus
902 3779 928 3835 h.
947 3795 974 3837 o.
993 3799 1028 3854 c,
1050 3777 1281 3856 interpolatione

132 3877 249 3950 scilicet
279 3901 314 3939 ex
343 3883 494 3960 scriptura
523 3885 643 3956 inquom
670 3882 778 3952 dathus
806 3882 833 3938 h.
858 3899 884 3939 u.
907 3901 929 3938 c.
960 3887 1040 3954 orta;
1075 3881 1147 3940 item
1174 3901 1204 3958 p.
1230 3880 1280 3954 66,

132 3981 169 4039 31
202 4001 285 4057 sqq.,
320 3985 371 4044 ubi
400 3986 475 4044 inh
505 3991 565 4046 est:
601 3989 782 4057 portentosos
818 3985 914 4054 fetus.
932 3985 1141 4057 arthmeticam,
1181 3984 1282 4040 liberos

132 4101 252 4158 quoquc,
275 4089 301 4144 si
323 4089 424 4148 debiles
446 4092 653 4162 monstrosc'qoc
675 4089 743 4147 editi
763 4091 841 4158 sumt,
871 4089 1042 4160 cercirorum
1074 4105 1126 4146 acc
1147 4089 1193 4144 irc
1216 4086 1280 4159 (tc,

131 4187 161 4244 in
182 4187 200 4260 β
221 4188 266 4247 sic
289 4190 413 4268 legitur:
442 4196 623 4265 portentosos
645 4193 724 4261 t'ctus
746 4192 793 4250 ira
815 4193 868 4250 dcc.
892 4189 999 4250 mediis
1022 4189 1158 4263 omissis,
1192 4188 1223 4246 in
1245 4188 1281 4242 Pl

126 4297 328 4361 portentuosos
349 4297 445 4366 foetus
467 4296 658 4368 exercuimus,
683 4313 742 4353 nco
764 4297 824 4364 ira,
853 4295 884 4353 in
906 4293 941 4347 Ρ·
958 4297 1162 4366 portentuosos
1183 4294 1279 4364 foetus

132 4413 189 4454 uun
211 4399 272 4472 irc,
307 4398 392 4457 utin
419 4398 466 4458 his
496 4418 615 4473 quoque
644 4405 727 4456 certa
749 4398 883 4457 eiusdem
906 4397 1032 4458 lacunae
1055 4397 1186 4473 uestigia
1209 4396 1279 4472 sint,

133 4499 269 4576 quamuis
288 4501 453 4562 accesserit
468 4500 675 4580 interpolatim
701 4521 737 4560 ex
756 4501 803 4559 his
821 4500 913 4576 igitur
931 4499 1132 4576 colligendum
1149 4498 1279 4574 uidetur,

133 4603 209 4676 llP‘²¹⁴
228 4622 331 4662 omnes
349 4602 387 4662 ad
405 4603 531 4664 eandem
549 4604 675 4681 stirpem
693 4603 855 4682 pertinere,
879 4602 944 4661 siue
964 4623 1000 4662 ex
1019 4603 1041 4660 Α
1059 4603 1124 4662 siue
1148 4623 1184 4661 ex
1208 4623 1277 4679 apo-

134 4702 249 4781 grapho
266 4703 298 4762 X
309 4705 367 4764 orti
378 4725 445 4765 esse
457 4713 611 4784 putantur.
646 4707 739 4765 Porro
751 4727 781 4784 p.
795 4706 836 4764 30
849 4707 876 4780 ,7
891 4725 967 4782 sqq,
987 4705 1114 4780 ubiinh
1133 4705 1279 4781 scriptum
