3246 5332
535 461 576 502 na
598 461 651 503 rae
673 463 734 504 me.
758 464 790 522 1.‚
812 463 900 504 1-n.
1250 439 1293 504 53

142 622 181 685 in
200 643 300 686 cruce
318 621 469 686 membra
486 589 694 693 disrfflderei
716 627 763 692 Et
780 627 888 692 adhuc
906 628 1115 714 cingulorum
1126 627 1293 714 supplicia
1309 633 1327 686 3

143 751 261 796 narro:
297 730 392 816 quid,
427 733 455 797 si
482 734 546 798 tibi
573 735 725 820 libuerit,
758 736 884 802 relictis
912 737 948 801 in
976 759 1060 822 quos
1088 738 1139 802 ire
1167 738 1293 802 uiritim

143 839 285 925 exarsit,
320 840 471 927 aspicere
506 865 622 910 caesas
655 845 769 932 gladio
798 847 975 912 contiones
1005 853 1040 912 et
1066 847 1203 932 plebem
1230 847 1292 912 im·

142 949 248 1014 misso
281 949 387 1014 milite
421 953 690 1019 contrucidatam
722 961 757 1020 et
788 955 825 1020 in
854 955 1038 1040 perniciem
1066 955 1294 1041 promiscuam

115 1063 238 1122 statos
259 1058 405 1144 populos
427 1061 548 1146 cepitis
572 1061 744 1128 damnatos
767 1109 847 1148 w,

231 1166 300 1232 Hr-
344 1215 363 1252 „
376 1213 394 1250 ff
406 1215 425 1250 ᾖ
444 1167 451 1251 i
468 1175 641 1255 tamquam
664 1177 723 1236 aut
745 1193 861 1237 curam
881 1179 1032 1238 nostram
1055 1172 1290 1238 deserentibus
1308 1181 1357 1239 fol.
1377 1181 1436 1238 lev

145 1281 205 1339 aut
244 1278 481 1344 auctoritatem
519 1280 823 1345 contemnentibus.
890 1280 1002 1358 Quid?
1045 1280 1327 1366 gladiatoribust

146 1516 160 1569 1
179 1515 211 1570 in
229 1533 314 1572 crime
332 1519 462 1574 membra
480 1519 645 1575 distendere
662 1519 779 1588 [ἀρείω
796 1521 835 1587 (et
851 1517 1018 1576 distendere
1035 1522 1123 1574 estin
1139 1535 1222 1576 nonn.
1241 1517 1292 1586 D);

143 1606 155 1654 i
182 1620 283 1658 cruces
309 1606 394 1659 fiabra
420 1604 572 1662 diffindere
599 1621 627 1673 a;
653 1605 684 1660 in
702 1623 803 1661 cruces
821 1606 905 1660 mbra
922 1603 1064 1661 diffudere
1083 1603 1115 1674 L;
1142 1622 1180 1660 cn
1194 1606 1292 1674 patim

144 1689 329 1744 scribendam:
356 1690 433 1746 inter
460 1709 562 1746 currus
588 1693 720 1747 membra
736 1691 890 1746 diffindere
917 1692 961 1759 (el.
980 1689 1041 1746 Sen.
1059 1694 1136 1759 epist.
1156 1694 1198 1758 14,
1224 1693 1242 1745 5
1268 1698 1293 1745 et

825 1777 832 1814 r

144 1824 580 1896 Sen.tra9.1²lcacdrae1224)?
682 1829 756 1897 2qd
773 1828 798 1882 si
816 1828 840 1882 ti
857 1843 885 1896 ι;
908 1827 986 1898 quid,
1009 1829 1064 1883 tibi
1082 1829 1108 1882 si
1126 1844 1208 1884 nann
1227 1825 1248 1886 D
1266 1835 1293 1885 et

143 1912 224 1966 multi
241 1913 301 1967 edd.
314 1929 414 1980 prone.
459 1935 461 1940 ·
517 1914 629 1970 uiritim
655 1911 777 1970 nonni)
804 1921 831 1969 et
854 1931 916 1984 n9.;
944 1913 1020 1970 uirifi
1047 1931 1062 1968 ι
1165 1915 1182 1968 3
1209 1931 1291 1969 ceses

144 1996 242 2065 gladio
261 1998 408 2053 ccionesa
511 2000 645 2054 imissoa
747 2001 764 2054 5
790 1999 941 2055 damnatos
962 2000 1091 2068 Madniffi
1118 2000 1243 2069 dampna
1262 2016 1291 2068 ¹3

144 2083 220 2138 dena
238 2081 264 2140 L.
302 2084 339 2138 In
356 2086 405 2140 lma
422 2086 513 2153 uerbo,
533 2087 605 2155 qnod
621 2087 746 2141 nltimam
763 2087 812 2153 fol.
829 2088 952 2153 rerer,
971 2101 986 2138 c
1003 2088 1117 2154 desinit;
1137 2104 1155 2140 a
1171 2087 1294 2154 sequenti

144 2175 294 2238 tamquam
311 2169 332 2226 Α
350 2187 449 2226 nerana
471 2172 576 2240 incipit.
615 2171 739 2240 Lacuna,
766 2189 848 2240 qnam
871 2173 954 2228 etiam
975 2175 1058 2228 ceteri
1078 2173 1182 2227 codices
1200 2187 1292 2226 omnes

144 2255 189 2310 ln'c
204 2256 310 2322 natent,
329 2259 358 2311 in
374 2259 451 2313 nnlte
468 2259 559 2314 codice
575 2261 687 2328 nancta
704 2266 758 2327 ect;
788 2258 914 2314 Marenen
927 2262 1038 2326 primns
1054 2259 1189 2313 intellexit
1204 2259 1292 2312 multa

144 2341 188 2394 tric
213 2342 310 2397 messe.
354 2341 461 2398 Scilicet
486 2362 570 2399 nnnm
595 2353 645 2399 ant
665 2346 752 2412 plara
776 2345 847 2410 folia
873 2345 974 2398 codicis
1000 2346 1119 2398 mnnmm
1136 2351 1291 2399 nostrornm

145 2429 286 2497 archetypi
301 2431 472 2497 interierant,
489 2433 520 2484 in
537 2431 636 2498 quidne
652 2433 766 2496 tuerent
783 2429 880 2485 tillim
893 2431 1083 2498 praefationis
1097 2445 1177 2498 pare,
1195 2431 1292 2484 deinde

145 2516 244 2568 nanae
269 2515 442 2580 definitiones
467 2517 539 2582 irae,
567 2524 623 2571 tum
648 2517 707 2580 ficti
731 2515 891 2570 mensarii
915 2515 1082 2580 abiectiones,
1108 2517 1207 2583 quibas
1232 2531 1292 2569 eam

145 2599 337 2668 definitionem,
356 2617 438 2669 qnam
455 2604 597 2670 amplexae
616 2610 675 2656 erat
692 2600 802 2668 Seneca,
829 2602 952 2668 restitere
968 2601 1081 2668 etndnit,
1109 2618 1169 2656 cnm
1188 2600 1291 2656 Seneca

147 2702 192 2740 eae
212 2684 357 2750 intimare
379 2695 523 2742 conaretur
575 2687 612 2742 In
635 2688 735 2752 mertia,
763 2695 794 2741 nt
811 2688 928 2754 uidente,
955 2687 1089 2742 eiusmodi
1105 2686 1292 2754 disputatione

145 2777 273 2825 amanter
298 2772 402 2839 matio,
438 2775 486 2827 nli
508 2774 575 2828 laec
600 2775 728 2842 lecimus:
762 2780 910 2843 tamquam
937 2779 988 2827 aut
1014 2789 1114 2826 curam
1141 2772 1190 2827 dee.
1244 2771 1292 2825 Ea·

147 2858 257 2910 omissis
274 2859 407 2924 cameriam
424 2861 502 2926 apud
518 2859 696 2915 Lactantinm
714 2867 826 2915 amunta
844 2875 901 2913 esee
918 2858 1035 2926 Lipsiae
1052 2857 1137 2924 uicta
1164 2858 1195 2911 in
1213 2858 1292 2912 cuine

146 2942 190 2995 tn.
214 2942 247 2996 de
272 2945 316 2998 irc
343 2943 387 2998 dei
414 2961 472 3012 cap.
492 2945 526 2999 1⁷
552 2945 680 3013 lenimus:
705 2945 841 3000 Nescisse
868 2951 966 3000 autem
991 2943 1189 3013 philosophos,
1217 2962 1291 3014 qnae

146 3027 220 3081 ratio
250 3034 329 3084 esset
359 3029 432 3098 bae,
468 3038 590 3101 apparet
622 3049 658 3087 ex
689 3030 906 3086 definitionibus
933 3048 1045 3097 eorum,
1081 3047 1154 3098 ques
1181 3029 1292 3086 Seneca

148 3114 327 3169 enumeranit
344 3115 375 3170 in
393 3114 483 3182 libris,
502 3133 574 3185 quos
593 3116 628 3171 de
646 3117 691 3172 ira
708 3115 878 3185 composuit.
914 3116 972 3170 Ira
990 3121 1058 3182 est,
1076 3115 1179 3186 inquit,
1198 3115 1291 3186 eupi-

148 3198 240 3253 ditas
267 3201 500 3257 ulciscendae
525 3201 688 3258 iniuriae
715 3209 788 3268 aut,
824 3208 864 3256 nt
890 3201 945 3256 ait
970 3200 1203 3268 Posidonius,
1238 3221 1290 3257 ou-

147 3284 281 3356 piditas
313 3286 487 3356 puniendi
519 3287 608 3352 eins,
644 3306 661 3342 a
693 3307 758 3358 quo
790 3295 824 3342 te
856 3287 978 3355 inique
1009 3293 1117 3356 putes
1148 3288 1291 3344 laesum.

148 3369 297 3435 Quidam
338 3371 390 3428 ita
426 3372 662 3430 definierunt:
714 3375 769 3429 ira
804 3379 859 3428 est
894 3371 1066 3427 incitatio
1102 3373 1214 3428 animi
1249 3374 1292 3429 ad

147 3456 341 3512 nocendum
367 3458 411 3524 ei,
439 3459 499 3528 qui
525 3467 585 3515 ant
611 3459 736 3515 nocuit
759 3465 823 3514 aut
843 3475 976 3513 nocere
998 3433 1130 3514 uoluiti
1171 3459 1291 3516 Lactan-

148 3543 212 3594 tinm
228 3558 296 3596 nera
312 3544 401 3611 ipsim
411 3542 529 3600 Senecae
545 3547 628 3600 nerto
647 3546 771 3601 attulisse
788 3545 874 3612 medo,
891 3545 939 3597 sed
955 3544 1016 3609 ficri
1031 3551 1127 3611 potem,
1146 3551 1177 3600 nt
1194 3545 1291 3602 ultima

148 3627 281 3692 (Quidam
292 3669 297 3680 .
308 3671 313 3681 .
324 3629 430 3695 uoluit)
454 3633 529 3699 apud
547 3631 673 3685 Senecam
697 3633 787 3698 ipsum
811 3629 984 3696 aptioribus
1006 3631 1151 3684 intentatio
1168 3631 1292 3688 diiuncta

147 3714 255 3783 suerint,
283 3717 324 3769 ita
350 3723 381 3770 nt
406 3717 460 3770 dno
484 3718 642 3784 fracmenta
668 3735 685 3771 a
712 3716 831 3770 dianna
852 3715 919 3770 tocie
932 3719 1022 3782 petita
1039 3715 1200 3784 habeamus,
1226 3733 1292 3771 nam

144 3806 208 3866 poet
231 3816 271 3859 ea.
298 3817 368 3868 qnae
392 3803 449 3855 inm
474 3802 566 3869 anati,
594 3804 688 3857 etatem
714 3803 754 3856 eie
778 3800 872 3868 percit
889 3799 1005 3854 Senecae
1027 3800 1113 3854 ncrlm
1130 3803 1291 3860 exscribere:

148 3885 364 3942 Aristotelis
396 3887 567 3942 definitio
600 3906 668 3942 non
699 3887 845 3941 multum
876 3904 893 3940 a
923 3892 1050 3940 nostra
1085 3888 1204 3955 abest3
1239 3889 1291 3945 ait

149 3971 238 4025 enim
271 3971 358 4027 iram
394 3990 474 4028 esse
510 3973 749 4043 cupiditatem
785 3971 922 4026 doloris
956 3972 1188 4042 rependendi;
1222 3993 1291 4044 qnae

148 4059 228 4112 uerba
249 4058 327 4124 infra
341 4075 370 4126 p.
390 4061 434 4120 54.
455 4062 495 4113 22
513 4061 646 4128 leynntnr.
664 4087 698 4096 -
801 4057 818 4111 6
843 4061 953 4126 tanqut
970 4055 1006 4113 Α6
1027 4057 1082 4126 Aac·
1098 4059 1144 4114 tric
1161 4062 1240 4115 credo
1258 4063 1291 4117 dc

147 4141 295 4198 bominibus
312 4145 449 4200 salutaria
467 4161 499 4198 ac
516 4145 587 4198 bona
604 4144 720 4198 consilia
737 4150 834 4200 nostra
850 4142 1059 4211 nealcaentibnc,
1077 4146 1173 4213 quibua
1191 4147 1223 4201 ob
1241 4147 1291 4202 lenc

148 4227 243 4296 ipsam,
279 4236 417 4298 temeram
443 4231 478 4286 ab
503 4231 540 4284 iic
566 4231 711 4298 conterriti
736 4230 831 4297 simin,
864 4230 1013 4284 irascimur
1038 4236 1094 4296 ant,
1129 4238 1161 4286 nt
1184 4233 1292 4288 mannlt

149 4313 256 4384 Seneca,
275 4317 355 4384 mmai
370 4315 521 4370 irascimur
559 4315 743 4384 Interlocntor,
762 4323 794 4370 nt
809 4317 927 4382 uidetur,
944 4321 1040 4370 contra
1060 4315 1177 4371 Senecae
1193 4317 1290 4381 defini-

150 4399 244 4454 tionem
267 4402 442 4456 contenderat
463 4401 524 4466 fieri
542 4415 632 4469 pocae,
660 4408 692 4455 nt
708 4403 789 4456 etiam
807 4403 885 4456 nnlla
902 4401 1007 4456 ininria
1025 4402 1085 4456 tasi
1101 4401 1291 4470 irascerentur,

149 4485 256 4554 ideoque
281 4501 338 4541 non
364 4502 459 4542 nernm
486 4502 543 4540 esee
567 4488 641 4540 iram
667 4503 700 4540 en
724 4485 831 4542 inimic
857 4487 948 4552 καθείς
976 4485 1077 4541 Seneca
1102 4487 1250 4556 respondet
1265 4491 1292 4544 et

150 4571 273 4638 exemplis
285 4571 407 4640 protare
424 4578 546 4638 conatur,
565 4571 680 4640 epcnem
697 4573 793 4628 saltem
810 4570 931 4625 iniuriae
948 4571 1026 4626 nobis
1041 4572 1212 4628 obuersatam
1225 4587 1289 4638 esee,

151 4671 214 4720 onae
237 4642 285 4710 noe
307 4665 420 4722 nmueat,
448 4664 473 4710 et
495 4663 636 4724 praeterea
658 4657 730 4712 tnnc
752 4662 853 4710 motam
876 4672 929 4710 non
951 4672 1045 4712 nerem
1062 4671 1119 4712 eme
1135 4657 1216 4724 iram,
1242 4657 1291 4713 sed

150 4756 225 4807 qnam
240 4758 319 4796 tram·
338 4769 371 4779 —

372 4803 379 4814 .
428 4801 564 4858 aem-Cim
601 4814 632 4874 tp,
656 4791 726 4848 im*
747 4811 767 4834 rt
794 4803 853 4834 ww
884 4785 925 4884 dm,
956 4787 1042 4834 mm

141 4825 285 4918 ,Lffim
302 4849 315 4872 -⁸
348 4822 409 4862 'orm
