3204 5342
335 426 376 466 sn
399 426 540 467 unomen
562 426 691 468 urrann
713 427 752 468 nn
775 425 1013 484 oossomrmsn,
1037 426 1144 466 1x—x.
1249 400 1311 466 391

165 592 259 657 illum
284 592 415 658 exulem
436 591 563 656 Brutus
585 592 776 677 relinquere
798 614 867 657 non
889 590 1010 676 potuit,
1039 589 1164 655 Caesar
1186 588 1311 656 uidere.

168 701 320 788 Contigit
360 700 450 766 enim
487 700 537 766 illi
576 700 809 766 testimonium
841 699 1034 785 utriusque:
1079 698 1206 765 Brutus
1241 699 1313 764 sine

165 810 327 877 Marcello
348 809 476 875 reuerti
500 833 536 876 se
559 809 677 893 doluit,
710 809 835 875 Caesar
858 809 1001 876 erubuit.
1057 808 1145 874 Num
1168 807 1348 891 dubitaui

167 921 248 1006 quin
276 941 313 986 se
335 918 393 984 ille
415 917 597 984 Marcellus
619 925 735 984 tantus
758 919 811 984 uir
833 919 881 984 sic
905 919 950 985 ad
971 917 1185 984 tolerandum
1208 939 1315 1003 aequo

141 1031 278 1096 senimo
310 1027 447 1095 exilium
475 1049 577 1113 saepe
607 1026 806 1093 adhortatus
836 1028 895 1094 sit:
932 1025 1051 1112 „Quod
1077 1027 1188 1112 patria
1211 1047 1316 1110 cares,

167 1161 237 1206 non
271 1144 323 1204 est
355 1136 529 1202 miserum:
574 1138 623 1202 ita
656 1144 692 1201 tc
726 1135 914 1222 disciplinis
947 1135 1107 1218 imbuisti,
1141 1141 1179 1200 ut
1212 1133 1316 1200 scires

167 1268 301 1314 omnem
333 1245 447 1312 locum
480 1245 626 1330 sapienti
659 1247 732 1311 uiro
762 1246 907 1331 patriam
938 1267 1021 1310 esse.
1074 1243 1164 1321 Quid
1192 1245 1317 1329 porro?

166 1355 232 1441 hic,
266 1355 324 1441 qui
351 1361 387 1420 te
416 1353 554 1439 expulit,
588 1375 658 1419 non
686 1355 759 1442 ipse
781 1377 843 1440 per
865 1375 972 1420 annos
996 1353 1114 1418 decem
1137 1351 1317 1418 continuos

167 1465 277 1552 patria
307 1462 438 1530 caruit?
471 1462 684 1550 propagandi
712 1463 785 1529 sine
817 1463 919 1529 dubio
948 1462 1081 1548 imperii
1103 1483 1221 1527 causa:
1257 1460 1318 1526 sed

130 1592 154 1628 ¹⁰
167 1597 290 1660 nempe
320 1572 437 1639 caruit.
492 1572 590 1638 Nunc
619 1595 699 1638 ecce
727 1571 833 1638 trahit
859 1571 955 1637 illum
983 1571 1026 1637 ad
1060 1594 1097 1636 se
1118 1569 1237 1636 Africa
1264 1587 1352 1640 re-8
1397 1635 1399 1640 .

169 1683 338 1769 surgentis
359 1680 443 1746 belli
464 1680 563 1746 minis
585 1680 697 1767 plena,
720 1679 1014 1767 trahitHispania,
1035 1701 1122 1764 quae
1139 1677 1264 1744 tractas
1283 1685 1318 1744 et

169 1791 323 1858 adflictas
345 1796 460 1876 partes
482 1789 625 1874 refouet,
648 1788 754 1855 trahit
764 1788 944 1876 Aegyptus
967 1787 1082 1872 infida,
1105 1794 1197 1853 totus
1221 1786 1314 1852 deni·

169 1924 236 1987 que
269 1899 371 1984 orbis,
405 1899 463 1984 qui
496 1898 540 1964 ad
574 1898 787 1965 occasionem
817 1899 973 1964 concussi
1002 1897 1135 1982 imperii
1164 1895 1317 1962 intentus

170 2016 237 2075 est:
283 2009 338 2076 cni
374 2007 519 2093 primum
557 2008 607 2073 rei
641 2008 817 2073 occmret?
863 2007 917 2072 cui
949 2006 1039 2092 parti
1071 2028 1108 2071 se
1142 2006 1316 2091 opponet?

131 2133 156 2170 1⁵
169 2117 262 2204 Aget
293 2117 389 2182 illum
421 2138 482 2202 per
516 2137 633 2181 omnes
666 2123 774 2182 terras
807 2116 951 2180 uictoria
983 2137 1052 2181 sua.
1123 2113 1223 2179 Illum
1261 2136 1315 2178 su·

170 2221 316 2312 spiciunt
349 2231 384 2290 et
418 2224 532 2290 colant
564 2231 700 2308 gentes:
731 2230 773 2289 ·tu
805 2225 884 2290 uiue
906 2223 1013 2288 Bruto
1047 2223 1207 2288 miratore
1236 2244 1316 2288 con·

169 2333 318 2401 tentus!“
424 2326 426 2331 ’

254 2443 299 2509 X.
344 2441 441 2508 Bene
465 2465 545 2528 ergo
570 2441 705 2507 exilium
728 2441 806 2507 tulit
826 2440 1017 2524 Marcellus,
1049 2463 1114 2506 nec
1137 2439 1350 2525 quicquam1
1397 2451 1401 2460 '

170 2554 206 2619 in
229 2553 339 2618 animo
364 2552 435 2616 eius
457 2551 601 2617 mutauit
623 2550 690 2615 loci
711 2551 866 2633 mutati0,
899 2549 1052 2635 quamuis
1077 2571 1150 2615 eam
1172 2570 1316 2634 pauper-

132 2678 157 2715 20
171 2671 224 2729 tas
259 2664 469 2746 sequeretur:
508 2660 544 2724 in
577 2682 644 2744 qua
675 2658 760 2724 nihil
792 2659 873 2724 mali
907 2681 996 2741 esse,
1031 2658 1182 2743 quisquis
1215 2657 1317 2723 modo

171 2771 322 2838 nondum
343 2768 501 2855 peruenit
521 2767 558 2832 in
580 2769 744 2835 insaniam
767 2769 880 2834 omnia
901 2766 1132 2833 subuertentis
1155 2765 1317 2832 auaritiae

172 2886 274 2966 atque
301 2877 462 2961 luxuriae,
491 2877 669 2964 intellegit.
716 2877 925 2956 Quantulum
953 2875 1044 2942 enim
1072 2882 1134 2959 est,
1169 2874 1261 2960 quod
1282 2874 1319 2939 in

171 2986 318 3053 tutelam·
334 2984 480 3052 hominis
502 2987 732 3052 necessarium
754 2989 817 3052 est!
841 2991 876 3051 et
899 2986 953 3052 cui
974 2984 1093 3051 deesse
1106 2982 1181 3049 ¹hoc
1204 2990 1320 3069 potest

171 3096 274 3161 ullam
296 3093 397 3160 modo
419 3095 580 3161 uirtutem
602 3093 768 3160 habenti?
819 3093 919 3171 Quod
942 3095 985 3160 ad
1006 3116 1060 3159 me
1084 3092 1221 3179 quidem
1243 3114 1354 3178 per-2

134 3223 159 3260 2⁵
173 3205 268 3290 tinet,
300 3202 463 3289 intellego
493 3225 547 3268 me
574 3225 643 3268 non
667 3225 749 3289 opes
772 3202 833 3268 sed
856 3203 1097 3289 occupationes
1119 3200 1319 3288 perdidisse.

174 3313 333 3400 Corporis
367 3312 488 3398 exigua
522 3311 690 3377 desideria
722 3318 815 3377 sunt:
860 3309 967 3397 fiigus
1001 3310 1205 3376 srimmoueri
1238 3309 1321 3394 uolt,

175 3521 395 3532 ..m-—

174 3657 189 3709 1
206 3672 294 3724 supra
312 3653 412 3711 uidere
430 3655 464 3711 A⁶
481 3656 642 3723 adempsit.-
660 3674 690 3710 .s.
709 3659 747 3710 n6
765 3655 862 3724 potuit
913 3655 931 3709 3
948 3653 1058 3711 reuerti
1076 3671 1107 3708 se
1125 3670 1170 3721 up.
1189 3653 1235 3719 (ec
1254 3649 1322 3717 D?);

174 3740 361 3798 reuertissel
413 3742 430 3794 4
442 3739 599 3796 Marcellus
614 3743 742 3796 omittunt
756 3757 799 3808 up.
815 3741 880 3796 iude
893 3758 912 3796 a
923 3740 1040 3795 Mun-eto.
1094 3737 1111 3792 5
1125 3754 1193 3809 sepe
1205 3736 1233 3805 l,
1252 3737 1323 3805 quod

173 3826 240 3882 mihi
262 3833 416 3894 suspectum
435 3833 486 3895 est·
514 3827 647 3881 namhoc
665 3827 855 3882 adltortatione
872 3841 928 3880 non
945 3841 1026 3893 saepe
1044 3825 1092 3879 sed
1109 3824 1162 3880 isto
1180 3825 1240 3891 ipso
1259 3829 1322 3878 tern-

170 3929 240 3979 pore
255 3913 385 3968 uteadum
403 3919 475 3980 erat‚·
493 3911 587 3966 malim
604 3911 680 3980 ipse3
699 3928 749 3967 om.
768 3931 800 3968 se
816 3913 847 3966 iu
865 3929 892 3967 a.
910 3913 928 3966 4
945 3927 1029 3979 usquc
1047 3910 1085 3964 ad
1103 3908 1261 3964 Flokmum
1277 3924 1323 3976 1⁴9·

173 4049 216 4104 tic
225 4051 368 4104 edebatur:
386 4049 498 4118 seipse.
551 3997 703 4104 adortatus
721 4051 800 4113 (corr.
810 4067 845 4102 m.
855 4048 882 4116 1)
900 4047 921 4104 Α
973 4049 990 4102 9
1007 4005 1118 4117 imperi¹
1129 4019 1210 4112 lcorr.
1220 4062 1253 4101 m.
1264 4045 1323 4112 1)Α

277 4189 310 4242 12
326 4185 455 4253 afflictas
473 4186 505 4241 ΑΙ*
609 4145 732 4268 egyptiis
750 4186 832 4252 (corr.
850 4189 916 4252 fort.
933 4202 967 4239 m.
985 4185 1017 4250 2)
1035 4183 1069 4250 l;
1088 4184 1241 4256 Aegyptos
1257 4183 1323 4238 reci·

173 4290 303 4359 piendum
326 4303 384 4343 case
406 4289 456 4343 uia
477 4296 545 4344 reete
568 4294 658 4343 mmet
676 4286 706 4343 0.
724 4287 871 4344 Rossbach.
977 4290 1010 4343 18
1031 4294 1098 4355 post
1119 4285 1190 4341 tulit
1212 4287 1326 4340 sitnisi

172 4382 303 4442 puuctum
321 4391 429 4430 erasum
446 4381 492 4442 cst,
510 4376 536 4429 εί
554 4374 663 4429 omniuo
682 4389 782 4428 rasura
801 4381 848 4441 est,
866 4389 922 4428 uon
940 4374 1039 4428 uitium
1057 4373 1237 4428 membranae.

174 4461 209 4515 23
226 4460 423 4516 necessarium
441 4466 488 4517 est
504 4459 557 4528 (st)
576 4459 678 4527 scripsi
696 4457 773 4514 sad.
793 4462 852 4514 crit.
871 4461 888 4514 l.
907 4461 938 4527 l.;
961 4459 1157 4515 necessarium
1177 4457 1218 4512 sit
1234 4457 1255 4514 l

175 4599 210 4654 24
236 4547 311 4664 eilmc
328 4599 399 4656 ΑΗ
501 4600 535 4654 96
562 4597 740 4653 summoueri
757 4598 792 4664 Α;
819 4597 992 4652 submouere
1015 4597 1068 4651 duo
1086 4593 1108 4652 D
1133 4603 1158 4652 et
1180 4614 1232 4666 up„
1258 4596 1322 4662 sort.
1399 4595 1404 4606 ’

176 4742 253 4802 recte,
279 4742 348 4791 certe
364 4735 532 4790 conductus.
635 4693 736 4816 udltl
763 4733 841 4802 (corr,
862 4732 895 4790 l²
913 4740 962 4788 aul
978 4750 1050 4788 man.
1070 4736 1220 4790 recentiorl.
