3204 5342
447 1679 643 1752 Excursus
665 1677 821 1780 criticus
844 1678 893 1750 ad
917 1677 1004 1752 Dial.
1028 1678 1089 1752 lib.
1113 1679 1167 1765 VI,
1189 1679 1278 1765 11,1.

373 2013 424 2073 Ad
446 2013 670 2074 defendendam
692 2035 759 2074 eam
780 2015 937 2091 rationem,
961 2035 1021 2092 qua
1043 2035 1136 2094 supra
1157 2037 1187 2094 p.
1203 2016 1274 2090 177,
1298 2016 1317 2074 5
1341 2017 1441 2076 cauere

288 2120 493 2178 morborum
513 2120 633 2191 repetita
655 2118 764 2196 scripsi
785 2138 841 2197 pro
864 2139 909 2194 eo,
939 2117 1021 2196 quod
1041 2119 1074 2177 in
1095 2110 1195 2178 dest:
1230 2120 1328 2179 causus
1348 2137 1439 2178 mor·

288 2225 348 2282 bos
375 2223 507 2294 repetita,
542 2241 602 2280 non
629 2221 719 2299 plura
746 2241 794 2280 me
822 2221 923 2282 dicere
950 2241 1027 2300 opus
1055 2241 1124 2282 esse
1153 2222 1243 2282 credo
1272 2242 1362 2298 quam
1392 2243 1437 2299 ea,

289 2345 367 2403 quae
394 2333 426 2384 et
447 2324 620 2403 Maduigius
647 2325 679 2382 in
699 2324 831 2384 Aduers.
856 2325 921 2384 crit.
945 2325 981 2384 Π
1008 2346 1038 2403 p.
1062 2326 1121 2384 351
1154 2332 1184 2384 et
1212 2346 1268 2404 ego
1296 2326 1327 2384 in
1350 2325 1438 2385 Stud.

289 2429 355 2488 crit.
378 2450 408 2507 p.
434 2429 495 2487 108
523 2427 668 2500 diximus;
702 2428 760 2487 hoc
788 2428 885 2487 solum
913 2427 1051 2503 adiciam,
1086 2428 1232 2488 Senecam
1260 2429 1333 2488 mihi
1360 2430 1440 2489 bene

289 2539 320 2592 et
342 2530 531 2591 considerate
553 2534 678 2590 causis
699 2533 872 2601 morborum,
899 2551 960 2590 non
981 2533 1088 2592 morbae
1110 2529 1171 2608 (uel
1191 2528 1301 2606 morbo)
1324 2533 1439 2593 dixisse

288 2635 396 2710 uideri,
425 2635 566 2711 quoniam
587 2635 645 2693 hcc
668 2635 795 2694 alterum
817 2634 943 2694 nimium
965 2642 1062 2708 esset;
1096 2656 1166 2695 nam
1186 2657 1220 2694 re
1243 2657 1316 2696 uera
1338 2635 1438 2696 rarius

181 2771 187 2778 ·
288 2739 402 2798 morbis
429 2739 505 2817 ipsis
533 2736 697 2813 adficimur,
731 2737 786 2797 sed
814 2759 925 2799 causae
946 2741 1118 2802 morborum
1141 2758 1261 2818 semper
1282 2738 1371 2799 nobis
1393 2740 1438 2798 in·

289 2842 447 2901 sidiantur.
491 2841 559 2900 Hoc
576 2849 676 2902 autem
691 2842 759 2901 loco
775 2862 874 2920 pauca
890 2842 929 2902 de
946 2863 982 2902 eo
999 2863 1134 2903 errorum
1149 2864 1269 2922 genere,
1294 2843 1379 2904 cuins
1390 2843 1439 2902 hic

291 2945 445 3024 specimen
470 2945 625 3021 habemuS,
660 2946 821 3024 disputabo
849 2947 888 3006 iis
914 2967 989 3006 usus
1017 2945 1172 3025 exemplis,
1206 2967 1284 3022 quae
1312 2947 1439 3006 collecta

289 3049 401 3122 habeo;
425 3069 550 3125 quorum
573 3069 714 3109 numerus
736 3049 802 3109 sine
824 3049 916 3110 dubio
938 3050 1029 3111 facile
1052 3051 1155 3128 augeri
1176 3051 1297 3130 poterit,
1321 3050 1348 3109 si
1370 3051 1439 3127 quis

290 3152 421 3230 plurium
454 3151 635 3230 scriptorum
667 3153 761 3213 libros
793 3154 979 3232 perlustrare
1011 3153 1158 3229 uoluerit,
1198 3153 1379 3232 praesertim
1412 3153 1439 3212 si

291 3255 382 3316 etiam
404 3254 585 3316 deteriorum
608 3257 745 3316 codicum
767 3257 844 3317 ratio
865 3258 1036 3317 habebitur.

377 3359 505 3419 Constat
530 3361 590 3419 iam
618 3359 688 3420 inde
715 3362 753 3420 ab
782 3362 905 3438 antiquo
933 3369 1069 3440 tempore
1097 3341 1338 3420 terminationem
1360 3378 1436 3431 rum,

290 3463 420 3522 maxime
445 3463 477 3520 in
504 3463 653 3540 genetiuis
681 3463 797 3523 numeri
823 3463 950 3543 pluralis
977 3465 1140 3540 nominum,
1175 3485 1252 3540 quae
1275 3464 1439 3524 secundam

291 3561 335 3640 (et
366 3560 504 3644 primam)
538 3565 768 3627 declinationem
800 3575 979 3644 sequantur,
1021 3568 1076 3628 sed
1110 3570 1199 3628 etiam
1232 3566 1320 3640 alibi,
1354 3567 1438 3626 vario

289 3668 378 3728 modo
401 3688 456 3747 per
478 3669 656 3747 compendia
679 3691 696 3729 a
717 3670 848 3731 librariis
871 3671 964 3731 scribi
986 3671 1105 3731 solitam
1128 3691 1205 3731 esse.
1250 3670 1336 3730 Haec
1358 3690 1438 3730 com-

290 3772 410 3850 pendia,
434 3793 512 3848 quae
533 3773 787 3833 Wattenbachius
809 3775 841 3833 in
862 3774 1101 3853 Palaeographia
1123 3771 1208 3834 Lac}
1228 3795 1259 3852 p.
1275 3776 1324 3850 14,
1349 3777 1364 3832 1
1391 3793 1437 3850 sq.

291 3875 457 3953 proposuit,
490 3876 614 3951 librarii,
649 3877 700 3953 qui
723 3877 892 3953 antiquiora
914 3878 1097 3957 exemplaria
1119 3877 1342 3952 describebant,
1373 3875 1438 3937 sine

292 3977 383 4038 dubio
411 3979 489 4039 bene
516 3988 625 4039 norant
652 4001 688 4039 ac
708 3981 885 4058 plerumque
906 3989 991 4041 recte
1012 3981 1225 4055 reddidemnt;
1261 3980 1315 4040 sed
1337 3987 1439 4040 tamen

290 4100 351 4139 non
379 4081 485 4159 paucis
507 4083 583 4142 locis
605 4084 758 4142 erroribus
781 4102 886 4144 ansam
908 4083 1066 4159 dederunt,
1101 4085 1165 4143 siue
1187 4083 1219 4142 hi
1242 4102 1359 4142 errores
1381 4082 1439 4142 soli

290 4183 480 4244 librariorum
517 4187 651 4246 incuriae
690 4186 840 4246 debentur
872 4188 937 4246 siue
970 4187 1038 4247 aliis
1071 4206 1191 4263 quoque
1223 4185 1438 4246 accedentibus

292 4288 393 4347 causis
414 4296 626 4367 prouenenmt.

377 4393 509 4452 Primum
531 4395 610 4454 enim
631 4393 688 4454 hoc
706 4393 828 4471 saepius
844 4393 959 4453 factum
976 4399 1033 4466 est,
1055 4401 1090 4452 ut
1105 4401 1169 4453 tota
1185 4391 1356 4452 terminatio
1372 4408 1439 4451 rum

291 4495 479 4554 omitteretur
512 4505 565 4556 aut
597 4497 699 4556 littera
733 4496 797 4555 sola
824 4516 841 4554 r
868 4497 1056 4556 retineretur.
1111 4497 1211 4556 Huius
1238 4496 1360 4574 generis
1388 4515 1437 4555 ex-

292 4598 400 4677 empla,
434 4619 511 4674 quae
540 4599 728 4659 librariorum
756 4599 889 4658 incuriae
916 4597 1076 4659 manifesto
1103 4599 1265 4659 tribuenda
1293 4604 1374 4672 sunt,
1407 4598 1438 4656 in

290 4701 348 4762 hac
370 4700 504 4762 Senecae
525 4701 722 4780 Dialogcrum
745 4701 875 4764 editione
897 4702 1090 4782 reperiuntur
1109 4724 1140 4781 p.
1166 4703 1236 4777 179,
1262 4706 1278 4760 1
1303 4696 1437 4778 (paucis-
