3222 5338
340 411 380 451 ΔΙ)
403 410 546 453 sunum
569 412 610 452 DE
632 411 900 464 unumunurm
921 411 1023 473 ΑΝῙΜἸ,
1044 413 1200 456 ἵΗΡ--ἮΙΙ,
1284 387 1347 454 283

202 575 344 640 comeus
371 575 461 659 pilos
489 575 584 660 uelli,
617 574 711 642 idem
737 577 826 643 scias
852 577 934 644 licet
961 576 1006 641 de
1026 576 1232 663 pauperibus
1254 576 1347 642 locu·

200 682 428 772 platibusque,
445 707 507 770 par
522 683 591 750 illis
610 707 684 751 esse
701 692 925 752 tormentum:
944 685 1079 771 utrique
1098 685 1188 750 enim
1203 684 1349 770 pecunia

202 815 264 860 sna
296 792 452 860 obhaesit
478 815 543 858 nec
572 793 644 859 sine
674 814 777 860 sensu
798 794 917 860 reuelli
945 800 1070 880 potest.
1126 790 1384 862 Tolerabilius4

203 909 316 968 autem
340 907 401 987 est,
431 907 470 966 ut
493 901 570 985 dixi,
600 901 802 986 faciliusque
828 925 899 968 non
927 901 1105 987 adquirere
1129 923 1231 988 qnam
1252 903 1350 967 arnit-

175 1017 285 1097 stere,
318 1011 466 1096 ideoque
498 1009 657 1075 laetiores
690 1009 835 1096 uidebis,
875 1033 960 1096 quos
998 1031 1182 1095 numquam
1213 1009 1355 1076 fortuna*

201 1119 360 1206 respexit,
395 1139 496 1204 quam
528 1139 613 1205 quos
649 1119 808 1185 desumit.
863 1103 961 1186 Uidit
988 1117 1054 1183 hoc
1081 1118 1266 1204 Diogenes,
1298 1119 1351 1183 uir

201 1229 350 1315 ingentis
380 1228 491 1313 animi,
526 1227 561 1294 et
590 1227 712 1313 effecit,
745 1251 790 1293 ne
819 1227 901 1313 quid
924 1227 990 1293 sibi
1013 1227 1097 1313 eripi
1118 1233 1244 1313 posset.
1298 1227 1351 1292 Tu

201 1336 294 1401 istud
321 1343 566 1422 paupertatem,
599 1337 759 1423 inopiam,
794 1344 982 1424 egestatem
1009 1357 1107 1420 noca,
1134 1334 1226 1421 quod
1254 1335 1350 1400 uoles

201 1444 466 1530 ignominiosum
494 1445 669 1510 securitati
690 1468 816 1512 nomen
842 1446 985 1532 inpone:
1019 1445 1145 1527 putabo
1167 1442 1258 1508 hunc
1280 1465 1351 1508 nen

162 1574 187 1612 ιο
203 1575 276 1618 esse
292 1551 438 1638 felicem,
462 1553 491 1618 si
509 1575 610 1638 quem
625 1553 709 1619 mihi
726 1551 828 1620 alium
843 1554 1025 1638 inueneris,
1045 1553 1101 1618 cui
1116 1551 1201 1616 nihil
1215 1557 1349 1638 pereat;

202 1668 261 1727 aut
284 1683 347 1746 ego
369 1659 479 1746 fallor,
513 1667 572 1726 aut
600 1683 742 1747 regnum
765 1667 818 1728 est
838 1662 929 1728 inter
951 1683 1081 1748 auarus,
1116 1659 1349 1746 circumscrip-

201 1777 303 1854 tores,
325 1769 485 1854 latrones,
508 1770 693 1855 plagiarios
709 1794 814 1836 unum
833 1793 917 1856 esse,
936 1772 992 1836 cui
1009 1771 1127 1836 noceri
1141 1790 1212 1834 non
1228 1769 1347 1855 possit.

201 1877 238 1941 si
260 1878 334 1962 quis
357 1878 400 1943 de
422 1876 588 1944 felicitate
599 1879 767 1965 Diogenis
786 1881 930 1964 dubitat,
951 1887 1068 1966 potest
1083 1879 1175 1944 idem
1192 1877 1382 1942 dubitaret

201 1985 300 2050 etde
323 1987 464 2052 deorum
485 1987 715 2053 inmortalium
737 1995 836 2074 statu,
872 2009 916 2054 an
944 2009 1064 2075 parum
1085 1988 1188 2053 beate
1211 1986 1347 2072 degant,
1419 2049 1420 2052 ,

162 2115 187 2152 rr
203 2094 294 2178 quod
325 2093 392 2159 illis
425 2117 489 2160 nec
516 2095 657 2182 praedia
688 2119 753 2162 nec
785 2097 876 2162 horti
906 2098 973 2162 sint
1000 2119 1065 2161 nec
1095 2095 1204 2162 alieno
1228 2093 1347 2159 colono

199 2223 280 2268 rura
298 2204 449 2289 pretiosa
470 2227 535 2270 nec
557 2205 686 2291 grande
708 2205 744 2270 in
771 2204 848 2270 foro
873 2203 1003 2270 faenus.
1057 2203 1136 2269 Non
1167 2211 1203 2268 te
1231 2201 1347 2288 pudet,

200 2308 355 2396 quisquis·
372 2311 500 2378 dirritiis
518 2313 704 2400 adstupes?
725 2313 858 2400 respice
875 2313 1023 2399 agedum
1038 2307 1215 2376 mundum:
1237 2310 1348 2376 nudos

201 2418 334 2484 uidebis
358 2419 450 2507 deos,
474 2422 587 2488 omnia
610 2421 733 2507 dantis,
755 2421 840 2487 nihil
861 2421 1030 2487 habentis.
1080 2421 1183 2484 Hunc
1205 2425 1244 2484 tu
1264 2435 1347 2505 pau·
1365 2430 1382 2483 6

199 2548 316 2613 perem
336 2535 437 2615 putas
460 2553 504 2619 an
526 2530 578 2595 dis
600 2529 847 2596 immortalibus
870 2529 1023 2615 similem,
1054 2529 1112 2614 qui
1139 2551 1176 2594 se
1198 2526 1347 2610 fortuitis

161 2655 187 2693 πο
202 2636 358 2702 omnibus
397 2638 512 2704 exuit?
550 2636 741 2704 feliciorem
777 2646 816 2704 tu
854 2639 1066 2705 Demetrium
1103 2619 1349 2723 Pompeianum

199 2765 318 2830 uocas,
357 2768 458 2830 quem
494 2767 565 2813 uon
602 2746 725 2833 puduit
756 2747 1015 2834 locupletiorem
1054 2768 1128 2811 esse
1160 2745 1347 2831 Pompeio?

199 2854 365 2920 Numerus
396 2855 446 2920 illi
479 2855 605 2920 cotidie
633 2877 809 2921 seruorum
835 2857 931 2922 uelut
958 2855 1154 2942 imperatori
1181 2851 1347 2918 exercitus

199 2961 419 3048 referebatur,
454 2964 508 3028 cui
539 2965 608 3029 iam
636 2964 763 3028 dudum
793 2963 932 3030 diuitiae
961 2985 1037 3029 esse
1067 2961 1257 3028 debuerant
1279 2961 1346 3026 duo

199 3069 318 3136 tricarii
341 3078 376 3136 et
398 3071 484 3138 cella
503 3072 625 3157 laxior3
651 3079 686 3137 at
707 3073 858 3159 Diogeni
880 3093 997 3139 seruus
1019 3072 1139 3138 unicus
1161 3068 1259 3156 fugit,
1281 3092 1346 3134 nec

161 3195 187 3234 u
202 3199 278 3242 eum
309 3179 483 3262 reducere,
518 3203 594 3246 cum
625 3188 880 3266 monstraretur,
909 3181 998 3246 tanti
1024 3179 1169 3267 putauit.
1216 3178 1381 3262 ,Trnpet

201 3285 271 3350 est“
294 3287 406 3372 inquit
430 3288 574 3373 ,Manen
604 3290 676 3354 sine
698 3288 855 3374 Diogene
883 3311 983 3375 posse
1012 3288 1138 3371 uiuere,
1167 3285 1347 3371 Diogenen

200 3516 428 3527 ———

199 3671 325 3741 2utriq;
343 3672 372 3742 l,
391 3675 462 3743 qaod
478 3677 591 3740 defendi
605 3683 701 3744 potest,
720 3678 771 3742 cfr.
787 3677 820 3730 da
837 3679 932 3731 breuis.
950 3675 1000 3729 uit.
1016 3677 1041 3742 8,
1061 3676 1090 3768 1.;
1108 3671 1240 3741 utrisque
1263 3685 1345 3724 nona.

1071 3770 1080 3797 1

199 3803 220 3862 D
247 3807 391 3874 (Pinetam
409 3811 513 3878 etalii)
541 3818 567 3866 et
582 3828 626 3880 up.
645 3813 707 3866 iude
725 3829 743 3866 a
761 3813 877 3867 Murato.
990 3813 1008 3865 4
1033 3827 1163 3878 acqrrere
1189 3806 1268 3874 (sici)
1294 3805 1346 3874 l⁶3

198 3892 338 3960 scriptura
355 3893 391 3951 Α1
408 3897 493 3963 plane
515 3898 619 3952 turena
642 3905 688 3964 aar,
716 3898 772 3952 uisi
797 3899 868 3965 quod
889 3904 1007 3965 apparet
1024 3895 1207 3950 dasoundam
1228 3895 1347 3947 litteram

197 3976 292 4041 fuisse.
387 3980 582 4038 elatioresll
676 3983 757 4037 fuir
773 3981 820 4049 A&
842 3982 891 4055 uir>
910 3983 950 4051 Αἱ,
969 3984 1017 4037 aad
1032 3983 1129 4036 ultim
1146 3982 1221 4034 liaeo
1233 3980 1346 4046 punctus

198 4069 295 4118 notato
316 4072 382 4120 erat.
485 4068 503 4121 8
529 4067 606 4136 quod
630 4083 699 4122 corr.
717 4083 751 4121 ec
773 4085 830 4137 qua
853 4076 886 4124 ut
901 4070 958 4122 uid.
977 4069 1011 4124 Α1
1119 4067 1152 4120 12
1177 4068 1206 4118 in
1223 4079 1275 4131 mo.
1292 4062 1345 4120 D:

199 4145 338 4217 Plagiarii
362 4144 469 4206 dicuni
494 4152 543 4220 qui
565 4152 640 4208 libos
663 4153 796 4209 homines
820 4173 873 4209 seu
897 4171 998 4209 seruos
1017 4152 1126 4208 alienos
1145 4150 1297 4220 abigentes
1315 4148 1347 4204 in

199 4230 257 4286 alia
273 4235 361 4304 plaga
378 4237 517 4293 uendunt.
630 4239 662 4293 15
687 4239 767 4293 horti
784 4239 830 4308 D,
857 4241 906 4294 aed
921 4239 942 4292 h
956 4246 1053 4306 postea
1070 4254 1178 4292 aarum
1196 4245 1242 4293 eat.

1018 4336 1029 4363 8
1264 4331 1276 4360 8

200 4369 232 4421 16
249 4370 409 4447 pretiosah
462 4375 495 4429 18
512 4374 609 4430 dantis
625 4375 715 4430 nichil
730 4375 866 4432 habentis
875 4376 927 4442 A1;
946 4374 1142 4444 danteffnichil
1154 4374 1297 4428 habente*
1313 4371 1347 4429 t‘

302 4458 335 4511 19
361 4457 406 4512 dis
423 4459 476 4528 Δις
503 4460 558 4515 diis
576 4461 612 4517 Μ
633 4461 659 4528 (a
676 4463 800 4516 radendo
817 4465 847 4516 ia
864 4461 875 4515 i
892 4463 1018 4526 mutauit,
1044 4462 1141 4516 danda
1158 4480 1172 4515 s
1191 4459 1301 4514 addidit
1315 4459 1346 4511 ia

198 4537 259 4606 ipso
276 4558 372 4611 ueram
391 4552 466 4600 emat
482 4544 582 4610 Koch).
685 4548 847 4616 imortalib3
865 4547 888 4604 Α
989 4549 1024 4601 24
1048 4549 1079 4600 tn
1095 4563 1147 4614 ma·
1165 4545 1217 4603 D:
1235 4541 1346 4599 Vicarii

200 4622 225 4678 ἀ.
244 4626 322 4682 serui
340 4643 453 4694 seruon.
558 4637 589 4685 at
606 4631 731 4700 Diogeni
748 4650 807 4702 apg
829 4633 1011 4703 addiogenen
1028 4632 1079 4701 A¹3
1097 4631 1289 4700 atffdiogeuen
1307 4626 1343 4684 Ar

300 4714 335 4766 26
352 4713 422 4783 inqd
439 4715 560 4770 mathan
577 4714 606 4782 Α,
626 4732 692 4772 corr.
711 4735 754 4786 up.
