3126 5344
534 611 609 675 Ilm
633 614 721 674 Oard.
745 614 884 676 Foderioi
906 616 1103 676 Bomhomaei
1125 646 1163 659 -
1178 624 1226 658 '-

721 739 799 778 anno
824 721 915 780 1603.

329 823 402 882 Veri
430 823 527 882 simile
554 822 648 899 igitur
676 829 724 881 est
753 820 944 882 Cardinalem
970 823 1149 883 Ecderioum
1177 824 1394 884 Bomomaeum

243 927 323 985 hunc
360 926 471 984 librum
510 945 528 984 a
566 925 796 1003 possessoribus
836 933 925 985 antea
963 924 1159 1000 nominatis*)
1198 948 1275 987 anno
1311 928 1393 987 1603

157 1017 160 1022 ¹
246 1031 355 1089 emisse
378 1035 409 1087 et
431 1029 463 1088 in
484 1028 698 1088 bibliothecam
719 1027 954 1088 Ambrosianam
975 1029 1123 1089 intulisse.

325 1134 394 1192 Iam
422 1117 462 1190 ad
488 1131 588 1209 ipsum
617 1130 752 1190 codicem
779 1132 878 1206 uenio,
912 1132 943 1191 in
970 1131 1056 1191 cuius
1085 1131 1156 1192 folio
1184 1133 1280 1211 primo
1308 1141 1393 1200 recto

240 1256 379 1297 rasuram
401 1234 575 1311 quindecim
597 1253 742 1292 uersuum
763 1235 946 1312 reperimus;
980 1235 1036 1295 sed
1059 1255 1136 1311 quae
1157 1237 1206 1296 hic
1228 1258 1328 1311 manu,
1361 1238 1393 1296 ni

241 1341 368 1399 multum
401 1338 504 1413 fallor,
549 1337 759 1396 recentissima
792 1338 907 1415 scripta
939 1338 1076 1414 fuerunt,
1122 1337 1259 1400 funditus
1293 1341 1394 1401 deleta

243 1449 324 1502 sunt.
379 1441 473 1501 Paulo
506 1439 633 1500 inferius
666 1439 785 1514 litteris,
820 1448 903 1518 puto,
939 1442 1065 1502 Graecis
1098 1443 1212 1520 scripta
1246 1451 1294 1502 est
1322 1465 1392 1519 uox,

244 1567 333 1621 quam
354 1565 410 1604 nec
433 1545 515 1621 typis
537 1543 665 1602 reddere
687 1563 812 1620 possum
834 1565 891 1604 nec
913 1545 1065 1622 intellego.
1110 1546 1148 1605 In
1171 1545 1306 1608 eiusdem
1328 1546 1393 1606 folii

242 1649 355 1726 pagina
377 1647 510 1707 secunda
530 1647 640 1706 fitteris
663 1646 833 1706 uncialibus
855 1647 945 1707 ualde
966 1648 1071 1708 nitidis
1093 1656 1124 1708 et
1146 1648 1237 1708 minio
1253 1649 1392 1708 'exaratis

243 1750 333 1809 index
356 1770 458 1810 eorum
479 1751 624 1810 librorum
646 1750 790 1824 Senecae,
825 1769 902 1826 quos
924 1750 1019 1810 codex
1042 1752 1176 1811 continet
1209 1748 1271 1827 (uel
1291 1753 1393 1830 potius

244 1854 426 1931 archetypus
449 1853 514 1913 eius
537 1849 749 1930 continuerat),
773 1855 818 1914 sic
840 1854 972 1933 scriptus
996 1860 1043 1914 est
1065 1875 1155 1914 manu
1177 1855 1289 1932 prima:

490 2045 526 2103 L.
549 2043 685 2103 ANNEI
708 2043 882 2104 SENEOAE

375 2165 662 2240 nmuoconuu
684 2179 806 2240 mem
827 2142 928 2241 uin.
952 2181 1028 2240 xm.

244 2284 291 2343 IN
312 2282 460 2342 PRIMIS
482 2282 540 2341 AD
564 2282 775 2376 LUCILIVM
798 2328 804 2340 .
830 2282 971 2354 QVARE
994 2283 1157 2356 ALIQVA

244 2378 480 2434 INOOMMODA
488 2377 603 2433 BONIS
613 2379 722 2434 UIRIS
733 2377 1033 2434 Acclnnuuuuu
1042 2380 1314 2436 PROUIDENTIA
1324 2381 1392 2437 SIT.

243 2476 301 2533 AD
325 2472 527 2533 SERENUM
550 2517 556 2529 .
580 2470 664 2531 NEC
684 2471 892 2536 INIVRIAM
913 2470 996 2532 NEC

245 2576 328 2637 OON
349 2576 404 2636 TV
425 2574 595 2635 MELIAM
616 2572 827 2633 ACCIPERE
851 2574 1092 2634 SAPIENTEM
1116 2620 1122 2632 .
1148 2621 1153 2633 .
1180 2623 1186 2634 .

243 2680 302 2738 AD
324 2678 531 2739 NOUATUM
552 2678 610 2736 DE
633 2677 709 2746 IRA
730 2677 852 2736 LIBRI
873 2676 936 2736 ΙΠ.

243 2782 303 2841 AD
368 2782 401 2840 M
444 2781 473 2840 A
516 2781 546 2839 R
590 2779 614 2839 Ο
656 2781 675 2839 Ι
717 2779 746 2838 Α
789 2778 831 2837 M.

244 2885 302 2943 AD
327 2883 578 2944 GALLIONEM
600 2883 657 2941 DE
679 2881 783 2943 UITA
805 2881 954 2941 BEATA.

244 2977 855 3064 ADllllllllllllllDEOT10·**)

244 3089 302 3147 AD
326 3088 526 3149 SERENVM
547 3088 605 3147 DE
627 3087 1002 3159 TRANQUILLI'I'A'I'E
1024 3089 1160 3148 ANIMI.

242 3193 299 3252 AD
322 3192 545 3252 PAULINUM
608 3191 666 3249 DE
689 3191 931 3251 BREUITATE
953 3192 1063 3251 VITE.

243 3295 301 3353 AD
366 3295 392 3353 P
436 3294 461 3354 O
505 3295 532 3354 L
576 3293 606 3352 Y
649 3294 676 3353 B
720 3295 737 3354 I
781 3295 810 3364 U
853 3294 894 3352 M.

241 3397 299 3456 AD
365 3397 815 3456 HELBIAM
890 3397 1345 3459 MATREMm

328 3501 391 3558 Sub
412 3500 461 3559 his
484 3499 588 3559 addita
610 3507 681 3559 sunt
703 3500 778 3559 haec
799 3500 924 3560 Antonii
947 3499 1069 3577 Olgiati,
1093 3513 1127 3560 ut
1149 3503 1279 3578 uidetur,
1301 3523 1392 3564 manu

243 3609 411 3662 atramento
433 3602 551 3679 uulgari
573 3603 702 3680 scripta:

327 3697 466 3753 Eiusdem
484 3697 617 3767 epistolae
636 3698 673 3754 ad
691 3699 723 3754 B.
742 3698 844 3754 Paulo.

329 3783 467 3839 Eiusdem
485 3783 674 3855 epitaphium.

328 3877 501 3952 Sequuntur
530 3876 639 3936 deinde
667 3876 698 3936 iu
726 3878 786 3937 ima
813 3879 924 3956 pagina
951 3880 1027 3941 haec
1054 3901 1160 3940 rursus
1183 3901 1273 3939 manu
1294 3881 1392 3958 prima

242 3979 351 4038 litteris
372 3980 474 4038 rubris
496 3979 624 4058 scripta:

310 4075 420 4142 Incipit
437 4075 475 4130 ad
492 4075 645 4141 lucilium.)
697 4075 761 4141 Qua
778 4094 810 4132 re
828 4076 927 4146 aliqua
944 4078 1127 4132 incommoda
1144 4066 1229 4134 bonis
1247 4079 1318 4134 uiris

455 4179 490 4215 ac
509 4161 535 4216 ci
553 4161 625 4216 dant
699 4179 835 4231 cumpro
854 4161 884 4216 ui
903 4162 1076 4230 dendasit

263 4382 293 4450 u)
312 4383 414 4440 Obiter
436 4402 540 4439 moneo
562 4403 615 4439 nos
639 4384 781 4454 pictorem
800 4386 945 4454 quendam
963 4386 1189 4456 Neapolitanum
1208 4387 1286 4442 circa
1304 4386 1390 4441 initia

310 4488 385 4526 saec.
400 4470 488 4526 XVII
506 4469 655 4525 uiuentem
672 4471 799 4538 nouisse,
818 4471 865 4526 cui
883 4491 988 4528 nomen
1002 4472 1212 4528 Giembattista
1222 4471 1389 4528 Caracciolo

311 4561 383 4612 erat.

243 4641 293 4710 ”l
311 4643 346 4697 In
363 4660 473 4708 rasura
492 4657 580 4710 quam
597 4642 721 4710 signam,
740 4649 852 4698 certum
870 4651 916 4700 est
932 4643 1024 4700 fuisso
1042 4643 1237 4699 SERENUM.
