3204 5342
257 361 322 426 380
479 389 506 427 1,.
529 387 645 429 suumn
667 391 803 431 suranus
824 387 1023 432 omnesonvn
1045 391 1107 430 mn:
1130 389 1185 429 xn.

256 547 413 634 lugubria
440 551 645 619 admonebo:
679 551 746 620 hoo
773 553 839 618 erit
864 574 934 618 non
961 551 1057 618 molli
1086 552 1142 618 uis
1167 551 1306 636 mederi,
1339 551 1402 617 sed

256 678 353 723 urere
377 681 416 724 ao
438 681 564 727 secare.
615 661 704 739 Quid
726 662 937 747 consequar?
970 668 1008 727 ut
1029 659 1158 746 pudeat
1178 661 1326 726 animum
1348 667 1402 725 tot

256 765 465 833 miseriarum
492 769 660 836 uictorem
687 793 789 857 aegre
816 769 907 836 ferre
929 791 1033 836 unum
1054 769 1177 834 uulnus
1199 769 1235 834 in
1257 790 1400 854 corpore
1478 855 1482 862 ¹

221 879 327 940 etam
349 875 555 943 oieatriooso.
599 878 724 944 Fleant
744 879 860 964 itaque
882 877 1008 944 diutius
1032 884 1067 944 et
1087 884 1235 964 gemant,
1258 899 1401 963 quorum

256 982 420 1051 delicatas
446 993 578 1052 mentes
607 988 784 1054 enerusuit
809 987 919 1072 longe
939 985 1100 1070 feneitas,
1134 992 1170 1050 et
1197 985 1240 1051 ad
1267 984 1425 1051 leniam-⁶

255 1113 384 1158 marum
412 1093 610 1162 iniuriarum
638 1105 749 1163 motus
779 1095 1014 1162 oonlabantnr:
1049 1101 1085 1160 at
1112 1115 1255 1180 quorum
1281 1115 1417 1160 omnes.

255 1201 335 1266 anni
362 1223 424 1287 per
452 1204 661 1271 calamitates
689 1205 906 1287 transierunt,
939 1203 1139 1289 gramssima
1161 1223 1296 1288 quoque
1317 1199 1400 1267 forti

256 1315 291 1373 et
311 1308 465 1376 inmobili
487 1313 678 1380 constantia
699 1311 881 1400 perferant.
927 1311 1042 1380 Unum
1063 1309 1168 1377 habet
1190 1309 1331 1376 adsidua
1347 1311 1398 1376 in·

207 1403 209 1410 ¹
254 1414 399 1485 felicitas
428 1420 572 1506 bonum,
607 1421 699 1508 quod
718 1443 814 1507 ·quos
844 1443 977 1508 semper
1005 1427 1108 1486 uexat
1135 1419 1318 1486 nouissime
1346 1419 1398 1485 in-

219 1530 236 1584 4
254 1524 362 1593 durat.
405 1528 541 1595 Nullam
562 1530 625 1596 tibi
646 1530 785 1596 fortuna
805 1529 1020 1596 uacationem
1042 1527 1137 1593 dedit
1153 1550 1173 1595 a
1189 1527 1398 1614 grauissimis
1413 1557 1437 1592 ιο

252 1632 415 1720 luctibus3
445 1659 489 1702 ne
511 1637 660 1720 natalem
681 1639 819 1724 quidem
840 1647 936 1706 tuum
959 1636 1101 1722 excepit.
1152 1636 1307 1702 Amisisti
1328 1659 1397 1702 ma-

253 1747 340 1808 trem
368 1744 484 1811 statim
512 1753 603 1830 nata,
636 1748 734 1814 immo
762 1747 844 1812 dum
869 1746 1029 1829 nasceris,
1063 1745 1164 1811 etad
1185 1745 1293 1811 uitam
1314 1767 1397 1830 quo·

254 1849 433 1917 dammodo
468 1854 621 1940 exposita
655 1879 700 1922 es.
756 1855 902 1922 Oreuisti
934 1854 997 1920 sub
1030 1875 1195 1919 nouerca:
1230 1874 1332 1937 quam
1360 1861 1398 1918 tu

253 1957 390 2043 quidem
412 1962 504 2028 omni
526 1963 690 2049 obsequio
714 1972 749 2030 et
769 1963 908 2051 pietate,
942 1969 1069 2047 quanta
1090 1961 1146 2027 uel
1166 1962 1204 2026 in
1224 1959 1296 2027 filia
1317 1983 1396 2027 con·

253 2067 338 2152 spici
359 2076 484 2155 potest,
506 2077 649 2138 matrem
670 2072 743 2138 fieri
766 2072 923 2158 oo'e'gisti;
945 2070 1030 2137 nulli
1051 2077 1165 2137 tamen
1186 2092 1256 2136 non
1272 2091 1396 2156 magno
1412 2100 1436 2137 ιε

253 2176 405 2242 constitit
437 2178 540 2244 etiam
569 2179 659 2246 bona
687 2203 845 2247 nouerca.
900 2179 1116 2245 Anonoulum
1143 2178 1396 2264 indulgentissi-

250 2305 352 2369 mum,
383 2287 548 2372 optimum
570 2311 609 2353 ae
630 2287 854 2355 fortissimum
875 2287 995 2372 uirum,
1019 2309 1096 2353 eum
1117 2286 1303 2353 aduentum
1325 2287 1397 2352 eius

253 2399 459 2480 expectares,
493 2396 645 2483 amisisti,
679 2403 723 2474 et,
752 2419 795 2462 ne
818 2395 995 2462 saeuitiam
1017 2417 1113 2462 suam
1133 2392 1271 2460 fortuna
1290 2393 1396 2460 leuio-

251 2523 323 2566 rem
346 2500 537 2570 didueendo
560 2503 698 2590 faceret,
720 2503 811 2570 intra
832 2503 1063 2570 tricensimum
1080 2502 1170 2569 diem
1190 2501 1396 2568 carissimum

250 2608 369 2694 uirum,
404 2633 445 2676 ex
472 2634 539 2697 quo
567 2619 676 2678 mater
696 2613 800 2679 trium
819 2612 1003 2679 liberorum
1026 2634 1111 2696 eras,
1145 2610 1311 2678 extulisti:
1344 2611 1394 2677 lu·
1408 2642 1434 2678 ao

251 2717 347 2801 genti
368 2717 433 2784 tibi
454 2719 565 2786 luctus
587 2721 761 2788 nuntiatus
785 2711 846 2806 est,
869 2720 1024 2788 omnibus
1042 2719 1180 2805 quidem
1197 2719 1395 2786 absentibus

250 2823 375 2909 liberis,
409 2828 506 2912 quasi
539 2828 582 2894 de
614 2829 781 2896 industria
807 2831 844 2895 in
876 2829 913 2895 id
940 2835 1075 2914 tempus
1106 2827 1269 2894 coniectis
1297 2827 1395 2894 mulis

250 2933 328 3016 tuis,
357 2940 396 2999 ut
415 2925 499 3000 nihil
523 2945 613 3002 esset
636 2936 814 3022 [haberes],
842 2937 902 3003 ubi
924 2960 960 3004 se
983 2936 1081 3003 dolor
1101 2943 1181 3001 tuus
1203 2936 1393 3002 reclinaret.

216 3054 233 3107 5
250 3039 401 3107 Transeo
424 3049 477 3110 tot
498 3046 657 3130 pericula,
678 3053 733 3113 tot
753 3054 872 3130 metus,
897 3068 981 3131 quos
1003 3045 1077 3112 sine
1098 3045 1278 3112 interuallo
1301 3044 1337 3110 in
1358 3051 1394 3110 te

249 3148 452 3218 incursantis
480 3154 664 3240 pertulisti:
698 3154 799 3221 modo
827 3154 927 3221 modo
956 3155 992 3219 in
1020 3153 1165 3220 eundem
1193 3153 1318 3236 sinum,
1354 3176 1430 3222 exa

250 3278 317 3343 quo
345 3265 414 3328 tres
440 3269 585 3348 nepotes
609 3263 777 3346 amiserae,
812 3284 889 3328 ossa
910 3264 1011 3328 trium
1033 3268 1196 3348 nepotum
1217 3261 1393 3347 recepisti3

248 3365 339 3433 intra
364 3367 563 3435 uicesimum
590 3370 690 3455 diem,
723 3393 823 3456 quam
851 3370 957 3438 filium
984 3393 1097 3436 meum
1122 3372 1159 3436 in
1180 3370 1336 3437 manibus
1359 3376 1394 3436 et

248 3557 475 3587 -'—.-.

249 3726 263 3780 l
281 3725 443 3784 admonebo
460 3745 503 3797 op.
523 3729 569 3796 (en
586 3745 667 3784 noem
686 3727 753 3796 D?);
770 3731 930 3788 admonebo
949 3731 970 3788 l
1060 3731 1075 3786 7
1094 3731 1163 3786 anni
1180 3746 1267 3808 sopra
1283 3747 1393 3786 aarum

247 3811 311 3866 add.
329 3809 363 3868 l‘
464 3815 482 3868 9
508 3832 622 3885 semper
639 3812 673 3882 l;
699 3831 786 3885 saepe
811 3833 856 3884 up.
960 3819 992 3871 10
1019 3815 1099 3872 dedit
1116 3833 1134 3870 a
1151 3833 1232 3886 grau.
1250 3815 1392 3883 luctibus3

247 3914 284 3951 ne
300 3912 360 3966 seqq
386 3897 467 3955 dedit
481 3901 528 3956 ,dt
546 3899 729 3970 grauissimis
747 3900 853 3970 luotib3
880 3920 916 3958 ne
934 3902 956 3958 Α
974 3901 1058 3970 (quod
1075 3902 1134 3957 eda.
1151 3901 1215 3956 inde
1232 3919 1250 3958 o
1269 3901 1393 3957 stetero

245 3983 409 4052 probarunt·
436 3987 484 4040 aad
509 3987 548 4041 sie
570 3987 692 4054 pluralis
718 3989 749 4040 in
774 3985 903 4042 luctibus
927 3987 1000 4055 ferei
1026 3985 1138 4056 nequit)
1246 3989 1279 4042 12
1304 3987 1392 4042 immo

247 4065 315 4122 dum
333 4067 388 4135 (uel
404 4070 496 4126 adnm
513 4078 582 4127 recte
598 4072 656 4126 imo
675 4071 756 4138 dum)
773 4087 831 4139 uoq
848 4071 969 4128 inmodfl
987 4071 1033 4140 Δις
1058 4071 1186 4136 aimoldd
1203 4087 1273 4127 corr.
1291 4069 1325 4128 l'

246 4169 375 4225 nasceris
392 4169 432 4239 ΑΒ
459 4188 527 4228 corr.
546 4174 606 4229 alio
629 4190 714 4229 manu
736 4176 767 4228 in
783 4160 922 4244 nessei-is,
948 4176 968 4232 i.
986 4194 1006 4230 e·
1025 4173 1195 4242 nascereris,
1221 4179 1253 4229 at
1268 4189 1352 4229 man.
1369 4171 1391 4231 D

247 4259 272 4308 et
288 4269 330 4322 up.
433 4258 466 4312 14
484 4259 612 4328 oonspioi
630 4258 659 4327 Α,
678 4261 749 4328 quod
764 4260 877 4326 defendi
894 4260 972 4317 stud.
990 4261 1049 4316 crit.
1067 4276 1094 4328 p.
1112 4261 1163 4315 158
1179 4260 1210 4314 in
1227 4266 1306 4328 nota3
1324 4277 1391 4316 oon-

247 4337 304 4408 oipi
326 4337 441 4411 Bentley
462 4342 493 4397 in
517 4341 602 4400 Closs.
621 4344 742 4400 Journal
763 4347 836 4402 1328
856 4363 886 4415 p.
904 4348 949 4402 12.
1054 4347 1086 4401 15
1112 4364 1170 4401 non
1196 4344 1343 4400 renouauit
1359 4344 1392 4401 l⁸

349 4427 381 4481 16
408 4430 582 4484 auunculum
606 4428 640 4487 Αὗ
666 4432 698 4498 (u
720 4447 753 4486 en
776 4449 793 4486 0
815 4447 882 4488 corr.
900 4432 932 4487 in
949 4431 1019 4498 rar.)
1124 4431 1156 4484 19
1181 4429 1352 4502 tricensimti
1370 4431 1392 4487 Α

347 4512 382 4567 22
408 4513 490 4582 quasi
516 4514 570 4572 ade
588 4514 620 4571 l¹
639 4515 676 4584 (i)
699 4533 768 4572 corr.
786 4533 820 4572 es
837 4516 974 4586 quaside
1076 4517 1110 4572 23
1135 4515 1210 4572 nihil
1228 4521 1314 4583 esset,
1340 4516 1391 4571 ubi

244 4612 302 4665 stou
329 4595 420 4653 nichil
438 4599 513 4655 ess&
529 4599 710 4668 hebereffubi
726 4602 748 4658 Α
766 4603 850 4669 (eros
868 4601 909 4669 s);
936 4603 1039 4659 seilicet
1054 4602 1180 4659 haberes
1197 4601 1229 4656 in
1246 4601 1392 4670 archetypo

243 4696 294 4750 pro
310 4684 395 4738 uaria
413 4687 549 4752 scriptura
565 4686 647 4740 nerto
665 4692 744 4746 osset
761 4687 930 4756 adscriptum
945 4689 1003 4753 suit
1019 4690 1082 4753 (aut
1097 4686 1212 4751 metro).
