3144 5344
1245 413 1295 474 XI

140 606 264 680 deinde,
299 625 367 664 cum
393 623 499 665 manus
527 605 624 682 prima
652 605 859 683 archetypum,
883 615 916 664 ut
939 605 1054 684 opinor,
1087 604 1119 662 in
1140 604 1294 682 plerisque

140 715 227 770 certe
266 709 341 768 locis
379 714 485 768 secuta
522 707 638 768 litteras
679 709 758 767 inter
790 709 884 768 uerba
916 727 1008 786 saepe
1040 709 1172 786 pessimo
1205 706 1294 766 modo

141 813 361 886 distribuisset,
396 810 581 890 separandas
612 812 827 884 coniunxisset,
863 809 1087 887 coniungendas
1110 819 1293 888 separasset,

139 916 201 974 hos
228 934 345 975 errores
373 915 516 976 adhibitis
545 914 706 992 separandi
735 923 765 972 et
793 912 994 990 coniungendi
1017 913 1113 990 signis
1142 910 1165 988 (l
1189 921 1219 973 et
1245 913 1294 984 ψ)

140 1070 276 1129 correxit
297 1065 365 1144 (cfr.
389 1090 418 1128 u.
442 1089 467 1128 6.
490 1091 520 1148 p.
542 1070 571 1144 9,
596 1070 635 1128 16
655 1027 946 1182 pedamentum
959 1093 996 1112 π
1012 1070 1110 1142 plodio
1132 1087 1295 1130 summoue·

143 1219 242 1298 tur,*)
265 1231 295 1282 et
317 1224 361 1284 sio
378 1218 582 1302 saepissime);
607 1222 757 1284 interdum
775 1223 865 1282 etiam
882 1222 1016 1282 radendo
1036 1222 1181 1282 eiusmodi
1200 1224 1294 1301 scrip-

141 1335 231 1388 turae
248 1327 362 1406 primae
378 1327 453 1386 uitia
470 1328 608 1386 remouit.
653 1326 747 1385 Porro
760 1326 834 1386 haec
846 1345 952 1386 manus
965 1347 1066 1405 saepe,
1090 1326 1142 1384 ubi
1155 1331 1186 1386 Αι
1199 1328 1294 1386 solam

142 1451 157 1490 c
174 1431 307 1489 litteram
324 1449 378 1508 pro
396 1430 620 1509 descripserat,
644 1429 792 1506 uirgulam
809 1428 942 1488 litteram
953 1450 972 1488 a
983 1429 1204 1508 significantem
1225 1427 1293 1506 (cfr.

142 1556 173 1612 p.
195 1535 265 1608 159,
286 1534 324 1591 19
342 1528 385 1606 n.)
404 1533 523 1592 litterae
540 1551 555 1592 6
572 1533 720 1592 adiecisse
738 1532 858 1591 uidetur
875 1533 923 1606 (6),
944 1552 1135 1610 quamquam,
1155 1541 1189 1593 ut
1206 1535 1299 1594 facile

142 1636 340 1714 intellegitur,
370 1636 474 1695 multis
496 1636 571 1695 locis
594 1636 726 1695 discerni
748 1635 799 1694 uix
821 1642 932 1713 potest,
956 1642 1057 1695 utrum
1078 1637 1153 1696 haec
1176 1637 1295 1714 uirgula

141 1739 245 1798 manui
267 1739 381 1818 primae
404 1760 443 1798 an
465 1739 618 1799 secundae
640 1740 796 1814 debeatur,
819 1738 946 1814 ideoque
968 1740 999 1798 in
1021 1739 1078 1812 bac
1101 1761 1134 1800 re
1157 1739 1294 1800 diuersas

142 1863 252 1902 manus
273 1843 304 1903 in
326 1842 541 1902 commentario
563 1841 630 1901 fere
651 1861 712 1901 non
734 1841 874 1915 distinxi;
905 1848 1038 1902 ceterum
1061 1861 1153 1922 saepe
1175 1844 1294 1921 uirgula

143 1946 264 2006 litterae
285 1965 300 2005 6
322 1966 415 2024 praue
443 1945 547 2006 addita
574 1945 732 2024 reperitur.
787 1943 907 2004 Deinde
934 1946 1051 2005 litteras
1080 1953 1133 2006 aut
1159 1947 1295 2026 syllabas

144 2069 247 2109 errore
269 2033 401 2129 scriptas
422 2049 553 2128 punctis·
565 2049 685 2108 notauit
706 2055 866 2125 rectasque
889 2067 981 2128 supra
998 2070 1120 2110 uersum
1139 2051 1296 2110 substituit

145 2151 212 2224 (cfr.
236 2174 265 2212 u.
289 2173 314 2211 c.
338 2174 367 2231 p.
391 2155 421 2228 2,
446 2154 501 2225 12,
531 2154 559 2228 7,
584 2153 641 2225 22,
670 2154 700 2226 8,
724 2150 776 2222 23)
805 2157 857 2211 aut
879 2153 938 2212 alic
960 2152 1049 2212 modo
1072 2154 1203 2220 correxit
1225 2151 1294 2228 (cfr.
1352 2177 1357 2188 ·

144 2277 174 2333 p.
201 2258 250 2330 12,
276 2259 308 2329 1;
335 2257 384 2330 16,
407 2250 449 2328 5).
498 2254 619 2316 Deinde
640 2254 759 2314 litteras
783 2262 836 2313 aut
857 2256 991 2333 syllabas
1014 2275 1220 2335 superuacues
1243 2263 1294 2316 aut

145 2360 248 2428 uerba,
282 2378 360 2434 quae
394 2377 500 2417 manus
533 2358 630 2436 prima
662 2357 710 2416 bis
741 2357 915 2435 scripserat,
950 2360 1044 2419 semel
1074 2360 1164 2420 etiam
1192 2367 1295 2419 notam

144 2460 351 2537 marginalem,
385 2481 463 2538 quae
493 2481 594 2520 errore
616 2461 647 2518 in
668 2467 785 2519 textum
808 2461 965 2541 scriptoris
990 2464 1150 2522 uerborum
1172 2469 1295 2540 recepta

146 2571 212 2623 erat
245 2563 285 2642 (p.
312 2566 381 2640 136,
412 2559 454 2638 3),
488 2571 541 2623 aut
573 2562 616 2622 its
648 2563 785 2639 remouit,
818 2571 854 2622 ut
886 2566 1007 2644 punctis
1039 2566 1114 2624 haec
1148 2565 1294 2644 adpositis

145 2673 273 2742 notaret,
304 2675 357 2726 aut
378 2667 430 2742 ita,
461 2673 495 2726 ut
516 2667 604 2726 lineis
626 2667 809 2726 transuersis
833 2663 857 2742 (l
866 2663 878 2742 Ι
901 2667 951 2726 661
973 2664 1087 2742 —)
1109 2669 1293 2748 perforaret;

147 2769 185 2828 ad
207 2769 264 2829 hoe
287 2770 456 2847 corrigendi
477 2789 589 2848 genus,
618 2777 653 2827 ut
673 2769 745 2829 mihi
767 2770 889 2847 quidem
910 2791 1089 2849 persuasum
1113 2779 1169 2847 est,
1200 2772 1295 2830 maior

146 2891 217 2950 pars
240 2892 342 2932 eorum
365 2873 568 2951 exemplorum
589 2872 729 2950 pertinet,
753 2893 831 2948 quae
852 2873 990 2933 Kochius
1012 2875 1043 2933 in
1065 2874 1161 2953 praef.
1184 2896 1214 2953 p.
1233 2873 1295 2934 XV

147 2975 256 3050 attulit,
289 2981 442 3053 tamquam
469 2977 544 3036 haec
570 2976 692 3054 16661ι
715 2976 898 3037 correxisset
925 2974 967 3056 (p.
993 2980 1063 3056 131,
1095 2967 1127 3052 1,
1165 2979 1234 3053 136,
1258 2979 1292 3052 3,

149 3079 218 3152 137,
247 3080 320 3137 46ι
344 3081 398 3154 11,
432 3081 505 3154 223,
535 3081 568 3154 7,
603 3083 676 3156 233,
706 3081 740 3154 5,
774 3079 812 3140 (16
833 3102 863 3159 p.
887 3083 917 3156 9,
943 3083 998 3154 17,
1036 3083 1106 3156 150,
1132 3083 1170 3140 16
1205 3081 1294 3159 plana

145 3181 223 3241 falsa
239 3182 357 3241 rettulit
372 3183 523 3258 Rachiae,
547 3203 577 3262 p.
591 3185 663 3258 319,
687 3185 706 3241 5
723 3185 873 3243 recentior
889 3203 996 3244 manus
1020 3185 1187 3244 correxisse
1209 3183 1293 3243 uide-

145 3280 215 3360 tur),
238 3285 392 3362 multaque
411 3275 473 3346 'alia
494 3286 632 3365 exempla
653 3287 684 3344 in
702 3288 915 3347 commentario
933 3288 1135 3366 reperientur;
1159 3293 1293 3346 ceterum

146 3390 176 3447 in
197 3388 244 3448 his
266 3408 386 3464 quoque
407 3408 468 3448 666
489 3409 558 3448 raro
581 3387 706 3450 difficile
729 3409 796 3450 esse
820 3397 974 3451 auctorem
996 3389 1192 3465 correctionis
1210 3397 1293 3448 certo

147 3489 269 3551 definire
291 3492 359 3567 quis
381 3511 441 3551 non
462 3491 632 3569 intellegit?
676 3492 796 3552 Rursus
818 3492 935 3553 litteras
959 3501 1011 3554 aut
1033 3492 1167 3570 syllabas
1185 3493 1292 3551 uerbo-

146 3614 210 3653 rum
233 3615 251 3653 a
272 3615 362 3653 mauu
390 3595 488 3672 prima
510 3594 639 3655 omissas
666 3585 844 3675 plerumque
866 3597 946 3657 inter
967 3597 1051 3676 ipsos
1073 3614 1191 3668 uersus,
1224 3615 1293 3654 raro

146 3697 175 3755 in
206 3697 383 3775 paginarum
416 3697 602 3776 marginibus
632 3698 794 3776 suppleuit,
829 3701 915 3760 cuius
944 3699 1065 3777 generis
1096 3699 1233 3777 exempla
1262 3699 1293 3756 in

148 3799 251 3875 queuis
284 3799 348 3860 iere
380 3801 491 3879 pagina
524 3801 756 3861 commentarius
790 3802 914 3864 criticus
948 3803 1120 3882 praebebit;
1156 3800 1211 3862 sed
1244 3801 1293 3860 hic

148 3923 262 3978 quoque
291 3921 351 3962 non
379 3904 484 3982 paucis
507 3903 581 3964 locis
605 3904 654 3963 uix
678 3911 760 3964 certo
783 3904 843 3966 dici
864 3906 986 3984 poterit,
1020 3913 1121 3964 utrum
1143 3905 1175 3963 1⁴2¹
1200 3923 1237 3962 an
1261 3905 1294 3960 l²

149 4025 192 4080 an,
222 4005 260 4064 de
283 4025 342 4081 quo
365 4007 455 4066 etiam
477 4007 599 4085 saepius
622 4006 770 4067 dubitatio
793 4009 897 4084 oritur,
929 4009 956 4068 ei
977 4009 1088 4083 manui,
1113 4029 1202 4085 quam
1224 4027 1293 4066 mox
1385 4049 1389 4058 .

149 4107 384 4168 commemorabo
406 4103 474 4184 (41),
508 4109 710 4170 correctiones
733 4110 912 4171 tribuendae
935 4111 1005 4186 sint,
1028 4111 1158 4170 maxime
1181 4110 1232 4169 ubi
1255 4109 1292 4168 de

149 4211 271 4287 singulis
293 4210 403 4270 litteris
425 4210 552 4272 adiectis
574 4213 683 4289 agitur,
717 4234 753 4273 ae
775 4233 953 4293 persuasum
977 4214 1048 4273 mihi
1072 4221 1120 4274 est
1140 4213 1292 4272 Kochium

148 4311 175 4370 16
207 4313 250 4373 616
284 4313 439 4392 exemplis,
474 4333 551 4390 quae
583 4315 679 4392 praef.
711 4337 800 4394 pagg.
824 4315 889 4376 XX
922 4335 967 4393 sq.
997 4317 1106 4391 attulit,
1141 4317 1292 4376 interdum

149 4435 262 4476 errasse
284 4413 381 4490 (uelut
403 4418 615 4495 correctiones,
639 4439 717 4496 quae
738 4441 768 4498 p.
795 4421 843 4494 10,
868 4419 925 4494 24,
950 4421 1000 4496 46,
1027 4421 1065 4478 15
1088 4419 1290 4494 inueniuntur,

149 4518 333 4596 apertissime
345 4519 379 4577 (1Β
390 4520 547 4595 debentur,
571 4523 760 4582 econtrario
784 4541 847 4596 eae,
871 4541 948 4598 quse
970 4543 999 4601 p.
1015 4522 1086 4597 145,
1111 4523 1144 4598 5,
1172 4524 1231 4581 159
1255 4525 1290 4596 8,

149 4669 372 4678 “na-n...—

168 4731 195 4798 1)
213 4733 269 4789 Pro
287 4736 299 4800 ,¹
316 4751 370 4805 ego
388 4735 418 4791 in
437 4735 643 4791 commentario
661 4737 673 4800 l
690 4750 797 4806 ponere
815 4743 935 4793 coaetus
953 4757 1025 4795 sum.
