3228 5330
305 425 369 490 316
533 453 561 492 1..
585 450 702 492 susam
723 451 860 494 saumas
879 449 1082 493 msuoaoavu
1103 451 1164 490 uns.
1187 449 1218 490 x.

304 635 428 699 punge,
452 614 600 698 inquam,
624 620 659 679 et
680 637 821 680 recense
843 616 936 682 uitae
958 622 1038 681 tuae
1061 613 1148 680 dies:
1171 613 1304 680 uidebis
1324 633 1454 698 pausos

269 721 488 788 8adm0dum
524 729 558 788 et
584 723 727 789 reiculos
757 724 848 810 apud
875 730 910 789 te
938 723 1116 789 resedisse.
1171 722 1369 789 Adsecutus
1397 721 1456 786 ille

304 853 388 916 quos
433 838 611 917 optauerat
648 831 759 898 fasces
800 833 893 918 eupit
929 854 1059 919 ponere
1098 838 1131 896 et
1170 831 1314 896 subinde
1355 831 1455 897 dicit:

214 969 217 973 ·
306 939 462 1025 „quando
485 939 541 1004 hia
565 963 672 1006 annus
694 939 936 1028 praeteribit?“
982 939 1082 1006 Faait
1102 939 1160 1004 ifle
1176 940 1284 1025 Iudae,
1309 962 1457 1026 quorum
1489 1015 1493 1026 Ι

305 1054 430 1114 sortem
453 1048 518 1114 sibi
541 1050 718 1135 optingere
740 1073 865 1136 magno
889 1049 1094 1116 aestimauit:
1130 1047 1307 1134 „quand0“
1340 1049 1480 1135 inquits

306 1158 408 1241 „istos
448 1157 608 1244 effugiam
617 1155 652 1224 ?“
708 1157 875 1244 Diripitur
912 1158 970 1224 ille
1007 1165 1080 1224 toto
1113 1156 1188 1223 foro
1221 1165 1387 1244 petronus
1422 1163 1459 1222 et

304 1287 428 1352 magno
451 1288 617 1332 concursu
641 1268 753 1332 omnia
775 1268 871 1350 iutra,
896 1290 997 1353 quam
1016 1267 1125 1333 audin·
1141 1273 1265 1352 potest,
1289 1266 1456 1354 eomplet:

306 1373 482 1460 „quand0“
516 1375 627 1460 inquit
661 1397 734 1459 „res
762 1374 1018 1461 proferentur?“
1074 1375 1282 1462 Praecipitat
1310 1375 1458 1461 quisque

303 1483 410 1548 uitam
432 1506 528 1549 suam
551 1491 586 1549 et
606 1483 714 1548 futuri
730 1483 899 1549 desiden'o
916 1486 1058 1569 laborat,
1081 1484 1312 1571 praesentium
1327 1484 1455 1551 taedia.

270 1602 287 1656 9
304 1589 352 1656 At
374 1590 442 1674 ifle,
478 1593 537 1678 qui
557 1592 690 1658 nulium
710 1613 780 1657 non
801 1598 936 1680 tempus
957 1594 993 1658 in
1014 1613 1095 1658 usus
1119 1615 1198 1659 suos
1222 1591 1364 1677 confert,
1396 1594 1493 1679 quia

280 1721 438 1780 ,omnem
472 1699 560 1766 diem
582 1707 755 1790 tamquam
776 1703 926 1768 ultimam
951 1702 1095 1786 ordinat,
1128 1724 1193 1767 nea
1216 1707 1314 1788 optat
1336 1701 1457 1767 arasti-

304 1830 387 1874 num
407 1831 473 1874 nea
493 1809 606 1894 timet;
638 1808 720 1894 quid
743 1810 833 1874 enim
856 1817 916 1894 est,
940 1810 1122 1896 quodiam
1144 1810 1214 1875 ulla
1234 1808 1320 1875 hora
1341 1831 1457 1876 nouae

305 1916 491 2003 uoluptatis
514 1919 621 2004 possit
645 1917 801 1984 adferre?
825 1918 937 1983 omnia
953 1927 1045 2004 nota,
1068 1920 1181 1985 omnia
1199 1917 1242 1984 ad
1260 1919 1458 1984 satietatem

306 2031 468 2112 percepta
490 2033 577 2092 sunt.
622 2026 675 2091 De
699 2032 812 2093 astera
834 2024 906 2094 fors
928 2025 1075 2112 fortuna,
1109 2035 1147 2093 ut
1168 2028 1272 2112 uolet,
1304 2027 1455 2093 ordinet:

305 2133 378 2200 uite
405 2134 473 2200 iam
494 2136 628 2200 intuto
651 2141 717 2218 est;
751 2133 831 2200 huie
865 2137 1014 2220 (aliquid)
1049 2135 1139 2201 adici
1160 2142 1284 2222 potest,
1320 2136 1458 2202 detrahi
1470 2163 1494 2200 ιι

305 2241 399 2327 nihil,
424 2243 570 2309 stadici
593 2245 651 2328 sie,
675 2244 960 2328 quemadmodum
982 2249 1096 2309 saturo
1119 2244 1187 2309 iam
1211 2267 1250 2308 aa
1272 2246 1375 2331 pleno
1395 2245 1456 2311 ali-

256 2369 288 2422 10
306 2351 388 2437 quid
417 2352 493 2436 eibi,
528 2354 620 2438 quod
640 2375 705 2418 nee
728 2352 899 2418 desiderat
922 2354 975 2434 (et)
1000 2352 1099 2438 capit.
1154 2353 1231 2418 Non
1254 2359 1308 2418 est
1328 2353 1456 2438 itaque,

305 2461 406 2545 quod
420 2482 624 2546 quemquam
642 2466 782 2548 propter
799 2484 903 2527 aenos
921 2468 981 2527 aut
996 2483 1099 2547 rugas
1116 2467 1217 2548 putes
1235 2461 1295 2526 diu
1311 2462 1454 2527 uixisse:
1594 2459 1595 2466 '

304 2590 374 2633 uon
405 2569 463 2634 ifle
500 2569 558 2634 diu
591 2570 691 2654 uixit,
725 2566 786 2634 sed
815 2569 873 2633 diu
898 2568 974 2634 fuit.
1042 2569 1132 2647 Quid
1162 2569 1266 2654 enim,
1303 2571 1331 2634 si
1359 2570 1457 2636 illum

1595 2671 1596 2708 i

152 2675 313 2763 10171111
335 2677 479 2744 multum
506 2685 605 2765 putes
627 2678 817 2764 nauigasse
852 2699 954 2762 quem
976 2701 1080 2743 saeua
1101 2683 1286 2764 tempestas
1310 2700 1330 2742 a
1352 2684 1493 2765 poitua
1595 2755 1596 2776 ἶ

306 2792 486 2872 exceptum
518 2786 585 2850 huc
615 2793 649 2851 et
676 2786 758 2851 illua
786 2786 864 2852 tulit
893 2809 932 2852 aa
960 2786 1094 2852 uicibus
1122 2793 1305 2852 uentorum
1333 2808 1376 2851 ex
1405 2785 1454 2850 di·
1595 2789 1596 2796 ’

304 2916 403 2960 uerso
426 2892 611 2960 furentium
632 2917 694 2981 per
717 2895 837 2960 eadem
859 2895 969 2981 spatia
989 2897 1024 2959 in
1048 2895 1166 2984 orbem
1189 2895 1281 2982 egit?
1303 2916 1375 2960 non
1396 2893 1456 2959 ille

304 3001 446 3068 multum
468 3003 652 3090 nauigauit,
676 3009 727 3068 set
748 3003 894 3070 multum
915 3003 1061 3069 iactatus
1085 3008 1145 3068 est.

304 3243 322 3296 2
339 3241 477 3298 reiieulos
494 3241 632 3298 ursanus
650 3249 676 3298 et
693 3261 750 3314 sqq
768 3243 907 3299 ridiculos
925 3243 947 3300 1
1058 3248 1161 3313 aputte
1181 3243 1221 3309 N,
1240 3258 1308 3297 ems.
1328 3240 1362 3298 A*
1379 3248 1406 3296 et
1422 3241 1456 3300 1ι

846 3330 855 3364 t

397 3380 414 3433 5
431 3380 582 3437 estimauit
599 3380 620 3438 1
723 3382 741 3436 8
757 3367 860 3450 inquid
877 3379 947 3436 A¹-²
1023 3437 1029 3448 ,
1052 3381 1084 3433 10
1101 3379 1272 3449 φιὶΙῌΠῦ
1289 3376 1361 3433 1’-’

306 3484 337 3536 11
356 3479 470 3539 emnem
488 3483 565 3540 diem
582 3486 694 3552 scripsi;
714 3467 749 3538 ds
768 3482 827 3538 dies
854 3482 887 3548 1,
914 3484 962 3536 sed
985 3500 1017 3538 es
1034 3483 1066 3536 in
1083 3499 1139 3536 ras.
1156 3499 1192 3536 m·
1209 3485 1297 3550 2pra
1315 3485 1332 3536 ὅ
1349 3488 1382 3536 at
1398 3480 1455 3534 aad.

304 3568 422 3635 scripsit.
518 3575 668 3640 tamquam
685 3568 823 3625 ultimum'
840 3566 956 3621 ordinat
973 3567 1075 3635 seipsi
1092 3575 1201 3622 secutas
1217 3568 1390 3636 Eandem,
1408 3565 1456 3634 qai

304 3660 394 3708 tamea
408 3655 544 3710 ultimam
558 3671 612 3710 aas
626 3661 696 3708 reete
708 3654 793 3708 scribi
805 3653 912 3706 saetas
929 3650 989 3718 (afr.
1000 3653 1076 3722 epist.
1086 3655 1131 3719 12,
1149 3655 1168 3706 8
1182 3660 1207 3706 et
1217 3653 1327 3708 Manita
1338 3650 1456 3706 aeaeae

304 3751 426 3808 aspera
448 3740 607 3808 Woelfflina
625 3740 706 3806 edita,
724 3738 771 3793 abi
789 3744 856 3792 aas.
875 3739 911 3791 18
927 3737 995 3790 haec
1013 3745 1063 3791 est:
1091 3737 1185 3792 omnis
1204 3737 1266 3792 dies
1285 3737 1370 3792 uelut
1386 3733 1455 3791 ulti·

303 3842 369 3880 mus
392 3824 569 3881 ordinandus
593 3825 663 3894 est);
690 3828 780 3894 taqua
802 3823 865 3878 uita
880 3824 885 3888 Ι
901 3822 1018 3877 ordinat
1034 3822 1063 3884 1,
1091 3838 1173 3891 qaam
1189 3824 1359 3890 scripturam
1376 3819 1457 3874 Koch

304 3912 361 3964 laco
380 3911 457 3978 epist.
476 3913 517 3977 61,
537 3913 553 3965 1
571 3910 715 3976 defendere
733 3916 862 3976 assatam
880 3908 977 3962 melias
994 3907 1102 3971 adferri
1116 3915 1227 3975 poterat
1243 3908 1322 3975 epist.
1335 3907 1395 3972 101,
1413 3906 1455 3960 10.

307 3994 455 4065 Utramque
473 3997 563 4051 eodem
580 3996 658 4058 redit
678 3994 726 4048 sed
738 4000 854 4062 propter
871 4011 897 4048 a.
908 4009 930 4062 q.
941 4008 963 4048 e.
979 3992 1113 4048 ordinare
1129 4000 1155 4048 et
1169 3995 1241 4048 loeas
1251 3993 1338 4062 plane
1352 3991 1456 4046 similes

304 4079 431 4150 Bentleyi
447 4084 581 4137 rationem
596 4081 725 4148 praetuli·
785 4096 840 4135 nea
857 4077 889 4134 1ι
908 4094 976 4133 carr.
995 4095 1030 4132 ex
1046 4078 1108 4134 Nee
1175 4079 1209 4132 12
1225 4078 1284 4134 iam
1303 4077 1365 4131 ulls
1383 4076 1457 4130 hors

304 4182 378 4219 anas
394 4163 416 4222 1)
436 4174 461 4220 et
476 4183 522 4235 ay.
539 4167 605 4220 inde
622 4166 797 4232 adErasma3
815 4163 844 4218 is
861 4163 943 4218 nulla
960 4161 1039 4230 horat
1055 4163 1076 4219 1
1130 4163 1163 4218 13
1180 4163 1320 4220 satietate
1335 4161 1361 4216 .i.
1374 4160 1456 4216 tedifi

304 4253 335 4304 in
352 4267 403 4320 ma.
421 4250 455 4307 A³
525 4253 557 4306 14
574 4250 635 4306 fors
654 4251 794 4318 Muretus3
812 4248 876 4304 foro
894 4248 915 4304 1
987 4248 1019 4300 15
1036 4247 1146 4318 aliquid
1164 4249 1273 4303 addidit
1288 4246 1455 4316 Wesenbera.

408 4336 440 4390 17
467 4342 497 4392 et
523 4337 634 4392 addidit
653 4336 777 4405 Madaiy.
882 4335 915 4389 18
941 4351 1029 4388 canos
1055 4333 1085 4399 (a
1101 4333 1133 4387 ia
1149 4351 1207 4388 ras.
1224 4349 1259 4388 m.
1277 4336 1304 4396 1)
1331 4331 1353 4388 1

305 4427 391 4489 putes
409 4421 460 4476 diu
476 4421 605 4477 uixisse*
631 4421 682 4476 diu
698 4420 757 4476 fuit
774 4421 820 4487 11ς
845 4435 954 4475 assam
970 4425 1013 4473 est
1028 4418 1060 4486 d;
1078 4433 1164 4486 aspra
1180 4434 1293 4474 uastam
1309 4419 1335 4472 t.
1354 4419 1371 4472 l.
1390 4418 1458 4484 (aas

304 4507 337 4560 ta
352 4522 412 4576 ma,
438 4513 470 4560 at
486 4506 566 4562 Kaat
583 4507 661 4573 dicit)
687 4506 721 4563 A²
738 4514 789 4561 aat
804 4505 838 4562 A³
855 4506 922 4560 taea
938 4505 1023 4558 aerea
1040 4497 1194 4569 addiderat,
1221 4520 1292 4572 qaae
1304 4510 1407 4572 postea
1422 4501 1457 4558 A·

305 4600 355 4646 aas
370 4591 405 4648 1ο
421 4591 541 4647 maida
563 4595 709 4648 maeaatt
732 4599 837 4659 etpost
851 4589 961 4645 uixisse
979 4591 1124 4644 inserenda
1141 4605 1200 4643 esse
1218 4588 1371 4644 indiaaas't:
1398 4604 1457 4643 nan

304 4678 354 4734 ille
378 4677 428 4733 diu
450 4676 612 4743 uixisset,
638 4694 709 4746 qaae
730 4677 815 4732 aesta
834 4675 952 4743 Fickert,
977 4674 1081 4741 Haase,
1107 4673 1185 4729 Kaet
1206 4673 1341 4728 immerita
1358 4675 1458 4741 mma

303 4763 504 4818 iudieaaenmt.
609 4761 641 4816 19
658 4761 728 4832 quid
745 4761 824 4818 enim
840 4778 899 4830 aa.;
917 4759 995 4830 quod
1012 4764 1060 4815 eu!
1076 4757 1099 4815 1
