3126 5344
252 421 298 480 IV

253 614 442 667 morarentur
472 606 578 683 digna3
619 606 674 665 sed
706 625 745 663 ne
777 606 948 664 attulissem
981 606 1110 681 quidem,
1149 606 1209 664 nisi
1242 627 1278 666 ea
1310 608 1396 669 ratio.

253 730 343 785 quam
358 709 496 769 Kochius
518 703 772 783 (autVahlenius)
794 708 825 766 in
848 707 961 768 codicis
984 708 1142 786 scripturis
1165 728 1397 769 commemoran-

253 812 300 872 dis
333 819 458 872 secutus
492 819 571 886 erat,
610 810 825 870 necessitatem
857 811 931 868 mihi
962 811 1157 889 imposuisset
1189 811 1264 872 haec
1297 801 1401 872 eorum

253 935 346 974 causa
367 914 524 990 afferendi,
554 914 734 990 quicumque
756 933 854 973 meam
876 913 1036 974 editionem
1060 921 1090 974 et
1111 913 1300 974 Kochianam
1321 915 1401 974 inter

161 1095 165 1104 Ι
252 1037 286 1077 se
314 1038 489 1096 comparare
510 1017 670 1076 uoluerint.
727 1016 867 1076 Ceterum
890 1017 1038 1093 quaedam
1059 1017 1260 1078 minutissima
1282 1035 1400 1093 quoque

253 1120 404 1180 interdum
432 1119 543 1180 afferre
569 1120 637 1180 ideo
666 1120 928 1198 operaepretium
951 1139 1018 1180 esse
1040 1121 1140 1180 uisum
1162 1127 1218 1195 est,
1252 1127 1287 1179 ut
1307 1141 1400 1199 appa-

251 1231 347 1298 reret,
381 1243 472 1301 quam
506 1223 608 1301 pusilli
636 1222 749 1282 codicis
775 1223 968 1282 Ambrosiani
996 1220 1057 1298 (uel
1086 1219 1255 1301 archetypi)
1282 1243 1400 1282 errores

253 1326 353 1402 qualia
392 1326 560 1403 scripturae
600 1321 736 1386 monstra
768 1327 798 1384 in
832 1325 1033 1386 deterioribus
1066 1325 1222 1385 codicibus
1254 1346 1400 1403 generare

252 1429 437 1508 potuissent;
472 1429 652 1505 quicumque
679 1429 815 1488 Fickerti
848 1436 1027 1508 apparatum
1060 1429 1198 1488 criticum
1232 1448 1300 1488 cum
1332 1449 1400 1488 meo

253 1551 427 1610 comparare
456 1531 599 1607 uoluerit,
634 1531 761 1591 adfatim
788 1533 992 1610 exemplorum
1020 1532 1124 1591 statim
1150 1532 1298 1608 inueniet,
1331 1552 1401 1590 nam

252 1634 300 1694 his
333 1635 474 1695 sordibus
508 1655 564 1712 ego
598 1636 845 1696 commentarium
876 1655 975 1694 meum
1008 1654 1133 1694 onerare
1166 1634 1309 1712 dignatus
1340 1654 1401 1694 non

253 1758 329 1798 sum.
337 1732 367 1811 *Ι
655 1727 658 1732 ¹

338 1840 400 1900 Sed
426 1843 547 1918 teinpus
574 1847 632 1916 est,
666 1850 701 1900 ut
727 1841 767 1902 ad
794 1842 946 1920 propriam
969 1841 1110 1900 editionis
1130 1860 1216 1900 meae
1237 1839 1400 1918 praefatio-

252 1965 321 2004 nem
343 1943 500 2017 accedam;
524 1943 626 2019 itaque
649 1944 803 2029 apodicis
816 1944 1028 2023 ¹descriptione
1049 1942 1252 2022 incipiendum
1274 1949 1330 2002 est.

337 2048 398 2106 Hic
420 2046 526 2121 codex,
550 2047 601 2122 qui
621 2047 653 2105 in
675 2047 859 2107 bibliotheca
879 2047 1081 2107 Ambrosiana
1102 2047 1213 2106 litteris
1235 2046 1261 2106 0
1280 2057 1334 2126 ng
1352 2047 1402 2104 90

253 2158 346 2229 part.
375 2149 440 2210 inf.
469 2150 616 2227 signatur,
653 2151 902 2210 membranaceus
930 2157 978 2210 est
1004 2149 1070 2209 folii
1097 2150 1230 2224 minoris,
1264 2151 1306 2208 88
1328 2148 1402 2208 folia

254 2254 421 2328 continens,
456 2253 566 2330 quibus
595 2252 655 2311 duo
682 2273 742 2312 non
770 2252 930 2331 adipsum
953 2252 1089 2312 codicem
1110 2252 1292 2330 pertinentia
1313 2273 1401 2331 prae-

252 2355 313 2416 fixa
334 2363 414 2430 sunt.
459 2355 497 2416 In
519 2354 626 2414 horum
648 2355 745 2434 primo
767 2375 858 2415 uerso
879 2357 954 2416 haec
976 2356 1119 2433 legimus:
1222 2394 1225 2398 -

340 2459 484 2537 „Senecae
516 2457 610 2518 multa
645 2458 800 2536 opuscula,
834 2479 960 2536 quorum
987 2459 1118 2519 indicem
1148 2451 1153 2534 Ι
1183 2458 1278 2518 habes
1299 2459 1331 2530 in
1353 2478 1401 2518 se-

257 2563 374 2638 „cunda
401 2562 520 2640 pagina.
551 2553 557 2638 Ι
588 2560 647 2619 Sed
677 2561 803 2620 aduerte
831 2561 1009 2639 opusculum
1037 2561 1075 2620 dc
1103 2561 1163 2620 otio
1192 2567 1224 2620 et
1252 2561 1291 2620 ad
1311 2561 1401 2639 Poly·

256 2666 358 2744 „bium
387 2658 393 2740 Ι
422 2685 482 2723 non
510 2663 636 2740 reperiri
664 2663 695 2722 iu
722 2663 779 2723 hoc
808 2664 920 2724 codice.
952 2657 958 2742 Ι
988 2663 1139 2723 (laeterum
1165 2664 1215 2723 hic
1237 2663 1332 2725 codex
1355 2673 1403 2724 est

257 2769 355 2846 „notis
378 2787 451 2827 sane
474 2766 572 2825 doctis
594 2765 770 2843 adspersus,
793 2766 903 2826 litteris
933 2760 939 2845 Ι
968 2767 1179 2845 Longobardis
1201 2768 1401 2846 conscriptus,

257 2871 535 2948 „septingentorum
564 2878 595 2928 et
621 2867 750 2946 amplius
780 2863 785 2945 Ι
816 2889 962 2928 annorum
991 2870 1169 2946 antiquitate
1195 2870 1402 2944 amarandus,

257 2973 397 3048 „multiq;
420 2970 588 3030 faciendus.

342 3074 513 3150 „Felioibus
536 3073 678 3150 auspiciis
695 3068 780 3134 IlllJLi
798 3073 886 3134 Gard.
904 3074 1044 3134 Federici
1060 3075 1248 3135 Borrhomaei
1258 3074 1402 3152 Archiep.

258 3177 397 3253 „Mediol
420 3174 571 3236 Antonius
594 3175 735 3252 Olgiatus
756 3178 880 3255 scripsit
902 3197 979 3237 anno
1005 3179 1096 3238 1603.

343 3279 444 3355 „Illud
466 3278 556 3338 etiam
578 3285 609 3337 te
631 3297 747 3356 moneo,
770 3279 1118 3356 humanissimaLector‚
1143 3299 1180 3340 ex
1201 3281 1258 3341 hoc
1280 3279 1404 3359 potissi-

259 3403 358 3459 „mum
391 3381 496 3440 codice
524 3380 676 3441 Muretum
709 3382 757 3442 sui
786 3382 909 3443 Senecae
944 3403 1033 3459 quem
1067 3383 1161 3443 edidit
1189 3384 1405 3443 correctionem

258 3485 411 3565 „petiisse
446 3501 534 3559 quem
564 3483 640 3542 tanti
668 3483 752 3560 fecit,
785 3493 819 3545 ut
847 3506 914 3545 eum
943 3487 975 3544 in
1002 3487 1066 3546 suis
1093 3486 1173 3545 notis
1197 3486 1236 3546 ad
1258 3485 1405 3545 Senecam

261 3587 382 3664 „multis
405 3584 546 3646 laudibus
570 3567 720 3645 extulerit.
764 3588 848 3665 Lege
869 3595 959 3648 notas
982 3588 1021 3648 ad
1042 3587 1086 3667 pi}
1107 3588 1144 3647 de
1166 3590 1211 3648 ira
1233 3607 1325 3665 super
1346 3586 1405 3646 illis

259 3691 380 3766 „uerbis
408 3689 556 3765 Quqedom
577 3706 653 3748 acone
674 3707 773 3761 mauu,
807 3692 903 3750 uerbis
925 3693 1074 3765 porcinas
1102 3688 1180 3770 (cap.
1203 3692 1234 3768 4,
1263 3686 1304 3765 3).
1354 3689 1405 3750 In·

261 3800 358 3871 „epta
388 3793 429 3851 ait
451 3792 599 3867 Muretus,
627 3791 658 3850 iu
680 3791 747 3851 aliis
768 3793 869 3852 libris:
908 3792 1045 3868 Quaedam
1069 3788 1132 3853 sede
1152 3797 1279 3852 moneat.
1329 3789 1406 3850 Haec

262 3895 459 3972 „emendatiq
495 3901 529 3953 ut
557 3894 623 3953 aliae
650 3894 803 3973 pleraque,
838 3915 874 3954 ex
897 3897 1008 3973 optimo
1032 3905 1063 3957 et
1084 3895 1290 3956 uetustissimo
1313 3893 1406 3952 Libro

262 3998 383 4074 „Siculo
412 4005 467 4057 est.
511 3995 591 4056 Vide
618 3996 656 4056 de
683 3998 773 4057 beata
800 3998 864 4057 uita
891 3998 922 4056 in
949 3999 1010 4058 illis
1037 3999 1155 4058 uerbis:
1190 3998 1241 4056 Mc
1267 3998 1407 4056 bominem

262 4103 404 4177 „maxime
427 4099 563 4174 copitalia,
588 4117 655 4159 cmo
676 4099 742 4160 nio
763 4101 870 4174 modim
904 4102 1070 4161 ammulario
1093 4097 1172 4178 (cap.
1196 4102 1247 4175 25,
1270 4095 1312 4173 4).
1357 4097 1408 4157 Sic

262 4203 343 4280 „alij‚
378 4209 409 4262 at
431 4210 542 4278 quanto
565 4201 681 4278 melius,
705 4203 786 4279 quod
809 4223 827 4260 a
848 4221 895 4261 me
918 4223 955 4264 ex
977 4203 1054 4263 libro
1077 4201 1179 4263 Siculo
1202 4209 1321 4262 erutum
1343 4207 1406 4261 est:

259 4335 488 4346 -.---——

282 4384 313 4452 *l
330 4385 374 4441 Ut
396 4401 486 4439 unum
510 4381 557 4438 hic
581 4365 745 4454 exemplum
766 4383 905 4452 affleram,
933 4385 998 4454 quis
1022 4386 1156 4442 crederet
1173 4384 1237 4440 fieri
1255 4400 1348 4453 posse,
1374 4387 1408 4436 ut

329 4488 356 4540 p.
378 4469 436 4537 311,
462 4469 495 4522 12
522 4468 552 4523 iu
576 4468 624 4524 lib.
649 4470 685 4524 de
709 4469 855 4525 breuitate
876 4469 957 4525 uitae
980 4471 1005 4539 4,
1028 4471 1046 4524 4
1068 4472 1112 4540 (:
1136 4471 1171 4538 V,
1193 4473 1211 4524 2
1240 4468 1283 4524 ed.
1306 4467 1349 4535 F.)
1373 4485 1409 4522 ex

329 4553 483 4624 archetypi
505 4553 651 4623 scriptura
674 4557 723 4625 qui
743 4555 897 4610 bominibus
913 4557 1075 4625 pomtibuaq·
1103 4557 1168 4625 (pro
1183 4555 1352 4623 qentibuaq5)
1378 4553 1409 4606 in

330 4637 524 4694 deterioribus
542 4637 614 4693 haec
633 4647 797 4695 orerentur:
825 4641 903 4708 qoib5
922 4640 1044 4696 omnibus
1061 4639 1335 4710 pauentibusque?
1370 4638 1409 4692 Et

330 4725 423 4780 multa
441 4723 550 4780 adferri
568 4731 691 4794 possunt
710 4724 821 4780 similia.
