3144 5344
458 1679 876 1786 PRAEFATIO.

175 2023 264 2084 Anno
289 2026 371 2084 1879
398 2043 477 2084 noua
498 2023 696 2102 Dialogornm
718 2023 754 2082 L.
777 2022 895 2102 Annaei
917 2022 1050 2082 Senecae
1079 2022 1170 2082 editio
1199 2043 1236 2082 ex

93 2128 266 2187 recensione
288 2134 320 2188 et
341 2148 409 2188 cum
431 2135 579 2208 apparatu
602 2127 707 2186 critico
724 2125 890 2186 Hermanui
901 2113 1002 2184 Ad'offi
1013 2125 1124 2185 Kocbb‘
1145 2124 1235 2204 prod-

94 2231 172 2307 iit*),
200 2252 289 2308 quam
311 2251 378 2308 ego,
401 2232 452 2309 qui
474 2232 602 2290 multum
624 2251 733 2309 operae
756 2229 889 2289 Senecae
911 2228 1033 2307 scriptis
1056 2235 1087 2288 et
1108 2227 1236 2287 maxime

94 2334 214 2410 quidem
241 2334 289 2393 his
316 2335 392 2414 ipsis
412 2335 498 2394 libris
520 2333 758 2412 insumpsissem,
790 2339 825 2392 ut
845 2353 901 2410 par
923 2337 997 2407 erat,
1030 2350 1148 2391 summa
1169 2352 1237 2390 cum

94 2437 302 2514 expectatione
334 2437 366 2496 in
398 2456 506 2522 manus
538 2436 663 2514 sumpsi.
730 2434 906 2512 Contigerat
937 2433 1023 2509 mihi,
1058 2454 1126 2492 cum
1158 2453 1236 2494 anno

94 2539 285 2598 antecedenti
310 2560 367 2618 per
393 2539 564 2617 quindecim
591 2539 657 2598 dies
677 2537 842 2598 Mediolani
864 2555 1013 2612 uersarer,
1047 2544 1082 2596 ut
1104 2536 1237 2596 codicem

94 2643 336 2720 Ambrosianum,
369 2643 565 2723 praecipuum
592 2641 698 2701 horum
726 2641 872 2700 librorum
900 2638 1025 2715 fontem,
1058 2640 1238 2718 inspicerem

95 2753 125 2804 et
158 2745 208 2804 uel
238 2766 295 2824 per
325 2745 485 2805 nonnullos
517 2745 611 2804 libros
643 2745 778 2822 integros
811 2744 861 2804 uel
893 2745 924 2803 in
957 2742 1060 2803 multis
1091 2743 1167 2802 locis
1200 2763 1238 2802 ex

96 2848 205 2907 ceteris
238 2847 367 2924 dialogis
400 2839 552 2926 encerptis
581 2867 649 2906 cum
679 2847 842 2926 exemplari
870 2846 1024 2906 Haasiano
1054 2845 1237 2920 conferrem

96 2951 181 3029 coepi
207 2951 300 3028 igitur
326 2971 436 3012 nonam
457 2950 570 3011 Kocbii
596 2950 796 3010 conlationem
822 2950 854 3010 in
880 2949 967 3025 libro,
1001 2949 1052 3025 qui
1075 2949 1240 3010 consolatio

97 3053 135 3111 ad
156 3053 305 3112 Marciam
333 3054 517 3130 inscribitur,
552 3073 620 3113 cum
647 3073 715 3114 mea
742 3073 927 3132 comparare.
982 3051 1044 3112 Sed
1064 3052 1145 3112 baud
1168 3073 1241 3114 sane

95 3156 176 3214 laeto
198 3156 296 3215 animo
318 3158 357 3217 ab
379 3157 437 3217 boc
459 3177 550 3236 opere
573 3155 715 3232 discessi,
744 3162 939 3216 occurrerant
960 3155 1039 3214 enim
1059 3156 1092 3214 in
1113 3156 1241 3233 singulis

96 3258 162 3317 fere
188 3259 308 3337 paginis
334 3259 438 3338 plnres
465 3259 539 3336 loci,
572 3260 603 3319 in
631 3260 740 3336 quibus
766 3279 864 3318 meam
891 3257 1089 3318 conlationem
1116 3279 1184 3318 cum
1210 3259 1242 3317 in

95 3361 263 3420 minoribus
291 3369 356 3420 tum
384 3362 476 3421 etiam
504 3362 536 3421 in
562 3362 684 3422 maioris
711 3361 854 3422 momenti
881 3362 974 3420 rebus
1001 3361 1039 3420 ab
1068 3381 1118 3438 ea,
1151 3382 1241 3439 quam

96 3463 236 3523 Kochius
258 3463 289 3522 in
311 3470 459 3543 apparatu
481 3465 585 3524 critico
608 3465 794 3541 exhibuerat,
829 3463 1002 3542 discrepare
1023 3464 1177 3541 uidebam;
1212 3473 1244 3526 et

98 3585 280 3642 quamquam
309 3565 457 3644 sciebam,
491 3587 581 3644 quam
610 3565 744 3626 difficilis
772 3567 821 3626 hic
849 3574 932 3626 esset
958 3566 1095 3626 codicum
1122 3588 1242 3647 compa-

97 3667 262 3727 randorum
289 3668 385 3745 labor,
419 3690 509 3747 quam
531 3669 622 3729 facile
645 3669 796 3729 erroribus
818 3669 976 3745 obnoxius,
1008 3671 1120 3731 totiens
1142 3677 1243 3731 tamen

98 3769 330 3830 alterumutrum
352 3779 489 3831 nostrum
511 3791 630 3832 errasse
653 3774 828 3853 apparebat,
851 3779 886 3831 ut
908 3779 960 3831 aut
981 3792 1066 3833 meae
1089 3781 1141 3834 aut
1161 3773 1243 3833 illius

97 3892 147 3931 me
185 3873 315 3932 maxime
352 3873 481 3952 puderet
517 3875 733 3954 neglegentiae.
801 3874 988 3951 Quamquam
1025 3875 1084 3936 iam
1116 3883 1181 3936 tum
1212 3876 1244 3936 in

97 3975 292 4050 grauioribus
330 3976 451 4053 quidem
488 3979 581 4038 rebus
618 3977 748 4038 rectiora
786 3997 834 4036 me
872 3976 986 4036 uidisse
1019 3983 1050 4036 et
1082 3976 1245 4038 adnotasse

98 4078 276 4153 sperabam3
309 4097 379 4139 nam
409 4100 477 4140 cum
503 4080 534 4140 in
556 4080 660 4158 plures
682 4099 785 4140 eorum
805 4080 949 4155 locorum,
982 4079 1012 4138 in
1035 4080 1145 4157 quibus
1166 4081 1245 4140 inter

97 4199 155 4238 nos
186 4179 443 4260 discrepabamus,
472 4203 532 4243 non
559 4183 677 4261 uulgari
704 4182 794 4243 modo
816 4182 872 4242 sed
893 4181 996 4242 dedita
1018 4201 1110 4260 opera
1130 4203 1179 4242 me
1200 4184 1244 4244 in-

260 4331 328 4340 ..—

116 4410 146 4479 *)
170 4413 266 4468 Huius
289 4413 427 4471 editionis
454 4415 600 4486 „dimissio
623 4415 718 4472 altera
739 4434 799 4472 non
822 4411 965 4484 mutata“,
992 4433 1066 4485 quae
1083 4434 1160 4472 anno
1179 4417 1246 4472 1884

170 4497 276 4554 Ulmae
302 4501 418 4570 prodiit,
449 4501 522 4556 nihil
548 4499 628 4554 aliud
654 4507 700 4556 est
726 4501 783 4556 nisi
810 4519 895 4571 quam
922 4501 1068 4570 Germani,
1093 4502 1125 4557 ni
1151 4503 1245 4570 baller,

170 4585 252 4652 „eine
276 4585 499 4656 Titelausgabe“
522 4592 638 4642 uocant.
687 4585 810 4642 Uafram
836 4587 912 4642 hane
938 4587 1078 4642 librorum
1102 4605 1245 4643 commen-

170 4669 332 4726 dandorum
349 4673 492 4727 rationem
501 4671 613 4739 Danici,
632 4678 773 4741 quantum
792 4672 860 4740 scio,
879 4671 1007 4728 nondum
1025 4679 1133 4728 norunt
1142 4672 1245 4728 biblio-

170 4757 264 4824 polae.
1030 4841 1044 4884 ι
