3144 5344
245 369 377 428 XXXII

245 558 300 616 sed
322 559 418 616 bonas
441 557 656 632 correctiones,
681 577 756 645 quas
777 557 929 617 interdum
951 560 1092 636 praebet,
1117 559 1204 617 attuli
1226 559 1390 636 litteraque

245 660 408 737 Fsignaui.
459 659 623 738 Inprimis
646 658 927 719 consolationis
950 661 995 720 ad
1016 661 1214 738 Polybium
1237 663 1389 741 capitibus

243 783 347 822 omnes
370 764 434 822 eius
458 763 625 840 scripturas
647 763 679 821 in
702 763 947 822 commentarium
969 764 1082 823 rettuli.

329 865 416 936 Quod
439 864 478 924 ad
500 866 578 924 hanc
602 865 838 924 consolationem
859 866 1000 943 pertinet,
1024 887 1092 926 cum
1114 867 1197 942 folia,
1221 888 1298 944 quae
1320 869 1389 926 reli-

242 969 328 1044 quias
352 968 416 1027 eius
440 962 666 1043 continuerant,
699 987 735 1026 ex
757 967 959 1028 Ambrosiano
982 976 1103 1047 praeter
1125 970 1263 1029 ultimum
1286 971 1391 1030 euulsa

241 1079 360 1146 essent,
395 1070 434 1130 ad
457 1070 577 1130 codices
612 1071 777 1130 deteriores
806 1071 854 1131 hic
888 1072 1124 1150 confugiendum
1155 1081 1228 1145 erat,
1263 1094 1390 1150 quorum

241 1175 408 1252 scripturas
425 1181 549 1252 propter
566 1174 622 1234 hoc
639 1174 739 1252 ipsum
756 1175 787 1233 in
803 1176 860 1236 hoc
877 1177 954 1235 libro
970 1177 1095 1236 uberius
1115 1177 1212 1236 attuli.
1258 1177 1389 1236 Maxime

241 1278 387 1356 utendum
409 1284 474 1336 erat
496 1277 599 1338 codice
622 1278 811 1354 Beroliaeasi,
835 1280 887 1355 qui
910 1299 946 1338 ex
968 1279 1006 1338 iis
1029 1279 1160 1358 optimus
1178 1297 1246 1340 esse
1264 1286 1294 1338 et
1311 1279 1389 1342 adt

240 1379 375 1458 proxime
398 1380 541 1440 accedere
563 1380 692 1455 uidetur,
716 1380 853 1456 quamuis
874 1382 925 1440 illo
948 1383 1037 1460 longe
1059 1381 1185 1441 inferior
1212 1383 1269 1456 sit,
1299 1383 1389 1441 huius

242 1487 354 1546 codicis
372 1487 570 1547 conlationem
586 1504 695 1543 nouam
717 1485 818 1560 habui,
842 1505 911 1543 cum
933 1485 971 1544 de
994 1485 1105 1545 Kochii
1121 1484 1182 1544 fide
1198 1484 1248 1544 hic
1269 1505 1389 1561 quoque

241 1591 426 1667 dubitarem,
459 1609 518 1648 non
539 1588 612 1647 siue
642 1606 749 1663 causa,
782 1595 817 1646 ut
838 1587 951 1666 'postea
980 1587 1051 1647 uidi.
1112 1589 1221 1647 Manus
1256 1588 1389 1647 secunda

239 1693 329 1753 huius
352 1693 481 1768 codicis,
516 1676 605 1767 quam
635 1691 756 1769 saepius
787 1692 1033 1766 commemoraui,
1066 1691 1155 1770 plane
1184 1711 1291 1751 recens
1320 1711 1389 1751 esse

240 1796 375 1873 uidetur,
405 1803 439 1854 ut
470 1795 671 1856 correctiones
702 1812 773 1859 suas
800 1792 933 1854 fortasse
961 1795 1052 1854 etiam
1074 1815 1111 1854 ex
1135 1794 1265 1854 editione
1288 1795 1389 1870 aliqua

241 1899 413 1977 sumpserit.
477 1897 618 1958 Ceterum
647 1896 684 1954 de
713 1896 751 1955 iis
779 1896 950 1973 codicibus,
985 1918 1111 1974 quorum
1142 1897 1310 1974 scripturas
1339 1897 1388 1955 hic

240 2002 345 2079 attuli,¹
360 2023 396 2061 ea
417 2001 526 2079 inspici
547 1999 647 2075 uelim,
671 2019 748 2074 quae
769 2000 854 2058 initio
878 2002 1080 2061 commentarii
1099 2000 1235 2060 adhunc
1252 1998 1388 2059 libellum

239 2105 419 2182 pertinentis
448 2103 572 2182 scripsi;
607 2103 656 2162 hic
678 2108 796 2161 tantum
819 2103 896 2162 addo
919 2124 967 2164 me
989 2105 1038 2163 hic
1060 2104 1122 2163 illic
1146 2102 1318 2176 dubitasse,
1349 2123 1387 2160 an

159 2224 164 2234 ·
239 2228 299 2266 non
321 2205 395 2267 uera
409 2206 446 2267 de
467 2205 604 2266 codicum
622 2205 665 2264 DE
683 2206 843 2284 scripturis
861 2206 999 2266 Kochins
1022 2206 1159 2282 referret,
1184 2225 1274 2282 quem
1296 2206 1326 2264 in
1349 2205 1386 2264 iis

239 2310 408 2370 indicandis
426 2316 549 2369 secutus
567 2329 642 2384 snm,
667 2328 763 2384 eoque
780 2309 936 2385 inclinare,
959 2317 994 2368 ut
1009 2309 1186 2368 Fickertum
1203 2330 1264 2368 non
1280 2309 1386 2387 paucis

130 2443 131 2448 κ
239 2413 314 2472 locis
333 2413 452 2472 ueriora
470 2420 501 2471 et
518 2418 599 2471 certe
617 2411 752 2489 pleniora
767 2412 922 2472 rettulisse
932 2419 1046 2490 putem.
1082 2411 1185 2472 Codex
1195 2413 1385 2486 Haumreust'a

238 2517 324 2575 euius
346 2516 514 2594 scripturas
536 2515 651 2592 primus
674 2515 841 2591 publicani,
875 2521 997 2592 praeter
1020 2514 1156 2592 dialogos
1180 2515 1270 2574 etiam
1292 2515 1386 2572 libros

240 2619 449 2694 quaestionum
471 2617 668 2692 naturalium,
695 2614 857 2695 prouerbia
879 2616 1026 2693 Senecae,
1048 2617 1159 2676 librum
1182 2617 1219 2676 de
1242 2617 1385 2693 moribus,

239 2722 368 2797 denique
401 2721 648 2799 scriptiunculam
681 2719 831 2795 quandam
861 2719 898 2778 de
926 2739 998 2779 cura
1028 2727 1058 2779 et
1086 2720 1175 2779 modo
1205 2719 1386 2780 familiarum

240 2825 387 2898 continet,
418 2823 531 2882 codicis
554 2822 684 2882 Palatini
707 2822 815 2897 quarti,
839 2842 898 2898 quo
921 2842 995 2883 usus
1019 2830 1066 2883 est
1089 2823 1247 2898 Gruterus,
1272 2823 1401 2882 similli»

238 2947 306 2986 mus
334 2945 403 2986 esse
430 2925 551 2986 uidetur
578 2945 614 2984 ac
642 2919 754 2984 nullius
782 2923 847 2984 fere
873 2926 964 3002 pretii
993 2933 1049 2986 est.
1112 2925 1277 2986 Permultis
1306 2933 1386 2985 cete-

238 3050 340 3089 rorum
356 3029 501 3088 librorum
517 3029 592 3089 locis
611 3048 680 3087 eum
696 3028 824 3105 inspexi,
837 3026 893 3086 sed
911 3048 970 3087 uno
987 3028 1054 3087 loco
1073 3035 1199 3106 excepto
1213 3027 1253 3106 (p.
1270 3029 1340 3104 165,
1353 3028 1385 3099 4)

238 3133 313 3192 nihil
334 3132 464 3211 repperi,
489 3130 569 3207 quod
593 3149 825 3190 commemorare
847 3135 957 3207 operae
979 3131 1110 3209 pretium
1132 3138 1223 3191 esset.

323 3235 525 3311 Antiquerum
547 3232 767 3312 philologorum
790 3233 1020 3293 commentarios
1041 3233 1302 3309 recentiorumque
1324 3233 1385 3305 (us-

239 3357 297 3414 que
315 3337 354 3398 ad
371 3359 397 3397 a.
418 3332 512 3411 1885)
534 3336 648 3414 scripta
666 3337 705 3394 ad
723 3337 961 3396 emendationem
978 3336 1256 3414 enarrationemque
1278 3337 1386 3396 horum

239 3441 383 3500 librorum
404 3440 587 3518 pertinentia
613 3459 703 3516 quam
730 3439 816 3518 potui
843 3438 1073 3517 diligentissime
1101 3439 1300 3516 perlustraui,
1329 3459 1384 3498 nec

239 3537 408 3619 quicquam,
431 3543 538 3602 saltem
561 3541 642 3619 quod
664 3543 785 3602 maioris
807 3541 950 3602 momenti
967 3548 1058 3617 esset,
1081 3561 1129 3600 me
1147 3541 1265 3620 fugisse
1283 3541 1383 3618 credo,

238 3644 302 3722 sed,
325 3653 359 3704 ut
380 3666 436 3724 par
458 3651 537 3720 erat,
561 3665 621 3704 non
643 3645 756 3722 omnia,
780 3665 858 3721 quae
879 3645 949 3705 inde
971 3645 1049 3704 sumi
1071 3651 1225 3723 poterant,
1248 3646 1280 3704 in
1304 3665 1384 3704 com-

237 3747 384 3807 mentario
407 3747 511 3807 critico
534 3748 778 3824 commemoraui,
807 3748 863 3807 sed
885 3767 921 3807 ea
942 3754 1073 3823 tanturn,
1103 3767 1181 3825 quae
1202 3748 1289 3807 utilia
1311 3747 1384 3806 mihi

197 3909 207 3928 ,
238 3849 432 3926 uidebantur,
461 3850 535 3910 nihil
556 3857 657 3910 tamen
680 3851 824 3911 omissum
847 3869 915 3910 esse
937 3869 1041 3929 spero,
1065 3849 1146 3926 qnod
1167 3870 1227 3909 non
1250 3851 1384 3929 ipsorum

239 3961 395 4012 suetorum
416 3972 508 4014 causa
529 3953 661 4013 tacuisse
683 3953 790 4013 melius
813 3963 887 4014 erat.
944 3951 1162 4029 correctiones,
1186 3972 1262 4030 quas
1285 3953 1382 4028 attuli,

238 4063 394 4115 auctorum
423 4075 545 4116 suorum
571 4045 742 4116 nominibus
770 4057 892 4134 signare
920 4054 1038 4130 studui,
1071 4055 1126 4115 sed
1153 4055 1304 4116 interdum
1320 4057 1382 4115 .hoc

237 4157 303 4217 fieri
318 4178 379 4218 non
395 4166 516 4237 poterat
521 4178 528 4234 ;
552 4178 621 4218 nam
638 4158 677 4217 de
693 4158 805 4235 multis,
829 4178 907 4235 quae
924 4157 1005 4236 apud
1021 4159 1191 4234 Erasmum,
1212 4157 1381 4234 Curionem,
1432 4183 1434 4188 ·

237 4261 389 4321 Muretnrn
410 4261 546 4338 aliosque
567 4261 767 4340 reperiuntur,
790 4261 854 4320 iure
876 4259 1008 4321 dubitari
1024 4269 1135 4340 potest,
1158 4267 1259 4320 utrum
1275 4261 1383 4320 horum

236 4364 371 4442 ipsorum
391 4365 523 4424 uirorum
545 4362 674 4441 ingeniis
705 4383 743 4422 an
771 4363 940 4440 codicibus,
975 4383 1050 4440 quos
1082 4363 1296 4438 adhibuerunt,
1330 4363 1382 4422 de·

236 4467 380 4542 beantur,
410 4466 538 4543 ideoque
567 4466 734 4544 scripturas
755 4465 826 4526 inde
849 4467 886 4526 ab
909 4465 957 4525 his
978 4466 1053 4525 uiris
1076 4485 1172 4543 usque
1196 4465 1236 4524 ad
1257 4465 1381 4524 Ficker-

236 4577 301 4628 tum
317 4569 523 4645 Haasiumque
545 4569 695 4646 uulgatus,
718 4568 899 4647 ubicumque
922 4567 960 4628 de
984 4573 1107 4628 auctore
1130 4567 1316 4643 dubitabam,
1338 4567 1382 4626 ita

237 4673 370 4749 signaui,
404 4681 438 4732 ut
470 4689 511 4746 aq
529 4716 536 4728 .
553 4672 619 4730 iada
651 4672 687 4730 ab
715 4671 841 4731 Drusum
869 4671 1039 4749 similiaque
1072 4671 1253 4746 scriberem
1289 4689 1381 4748 saepe
