3144 5344
1132 373 1251 436 XXIII

187 559 310 620 Accede
334 559 372 618 ad
394 559 634 638 praepositiones
657 561 784 620 maxime
803 561 891 620 unius
910 562 1045 638 syllabae
1063 583 1131 622 oum
1149 564 1250 623 uerbis

91 663 296 740 compositas.
343 662 431 740 Quod
455 662 495 721 ad
516 663 770 741 praepositionem
792 666 832 722 nd
851 665 992 742 pertinet,
1016 667 1181 726 notandum
1203 677 1258 728 est

90 785 223 844 semper
244 765 276 826 in
298 765 402 825 codice
424 783 563 854 apparere
585 765 686 840 scn'bi,
710 765 781 826 item
803 787 923 845 semper
945 771 1071 842 aspicere
1092 767 1138 844 (ut
1160 771 1251 831 etiam

91 869 327 928 substantiuum
359 874 503 944 aspectus,
536 868 595 928 nisi
628 868 708 945 quod
736 889 795 929 une
823 877 853 929 et
882 871 975 930 altero
1004 871 1069 932 loco
1098 875 1251 948 adspectus

91 968 279 1050 reperitur);
314 979 447 1032 ceterum
474 971 563 1032 uelde
592 973 800 1032 inconstanter
828 975 861 1031 1¹
892 974 969 1034 hane
996 977 1252 1055 praepositionem

93 1076 128 1133 in
154 1075 331 1153 compositis
353 1075 511 1150 tractauit,
545 1075 588 1134 ita
615 1082 662 1150 ut,
696 1075 748 1134 ubi
777 1075 1028 1137 adsirnilationem
1054 1081 1117 1158 pati
1139 1087 1251 1158 potest,

95 1179 174 1237 alibi
197 1179 339 1257 patiatur,
363 1177 435 1238 alibi
452 1179 565 1238 intacta
582 1187 710 1252 maneat,
731 1185 801 1238 ante
816 1199 857 1254 yn
876 1187 906 1239 et
924 1198 940 1239 s
956 1181 1108 1260 impurum
1126 1183 1214 1242 modo
1234 1185 1254 1242 d

96 1289 244 1340 seruetur
276 1281 364 1341 modo
399 1279 555 1340 abiciatur.
617 1281 705 1341 Hanc
733 1302 840 1342 manus
872 1284 987 1362 primae
1019 1285 1252 1346 inconstantiam
1290 1319 1294 1326 ·

96 1385 130 1444 in
161 1385 293 1445 editione
320 1384 385 1443 fere
413 1401 532 1462 semper
561 1403 684 1444 seruare
713 1386 808 1445 satius
839 1385 926 1462 duxi,
961 1386 1019 1446 nisi
1053 1389 1134 1464 quod
1160 1391 1251 1449 inter·

98 1489 190 1564 dum,
224 1489 277 1548 ubi
309 1487 390 1548 idem
422 1487 547 1546 uerbum
580 1508 674 1567 paruo
702 1489 859 1548 interiecto
887 1490 986 1567 spatio
1015 1490 1135 1550 diuerso
1164 1491 1251 1552 modo

71 1581 252 1670 ¹scriptum
289 1591 444 1665 uidebam,
491 1592 645 1650 continere
683 1613 731 1652 me
763 1612 824 1651 non
862 1593 962 1670 potui,
1008 1594 1080 1669 quin
1121 1596 1252 1672 aequali-

98 1701 198 1754 tatem
237 1692 414 1772 corrigendo
453 1691 620 1769 efficerem
659 1705 818 1774 praeterea
856 1715 912 1755 neo
950 1697 1086 1756 adsedere
1125 1698 1253 1758 toleraui

99 1794 143 1874 (p.
169 1799 221 1872 99,
243 1794 276 1872 9)
310 1817 366 1856 nec
388 1799 543 1856 necnec
569 1795 611 1877 (p.
637 1799 686 1874 18,
712 1795 763 1872 18)
795 1818 852 1858 nec
879 1817 1042 1858 ammonere
1069 1797 1110 1878 (p.
1135 1803 1185 1874 40,
1211 1797 1251 1877 1),

100 1907 137 1959 ut
169 1919 209 1959 ne
242 1917 326 1974 qnem
359 1899 495 1960 mnodum
528 1900 665 1978 quidem,
699 1902 780 1977 qued
813 1903 992 1978 aliquotiens
1027 1903 1172 1980 scriptum
1206 1911 1252 1964 est

101 2000 145 2080 (p.
167 2006 197 2078 4,
221 1999 378 2078 341).-
402 2004 592 2082 Praepositie
614 2008 646 2064 c'n
668 2014 738 2065 ante
755 2026 788 2080 p,
811 2007 836 2076 l),
860 2025 889 2064 m
911 2007 941 2065 in
965 2006 1140 2084 compositis
1163 2007 1251 2066 modo

101 2105 233 2166 formam
255 2127 341 2166 suam
364 2115 477 2182 seruat,
498 2107 587 2166 modo
609 2109 641 2167 in
662 2111 702 2168 im
724 2117 866 2183 mutatur,
896 2131 985 2186 quam
1006 2109 1252 2186 inaequalitatem

102 2211 244 2270 similiter
270 2212 301 2270 in
330 2210 461 2270 editione
488 2211 612 2284 retinui;
647 2212 698 2270 ubi
722 2216 735 2271 ι’
760 2213 906 2290 seriptum
935 2219 1015 2287 erat,
1049 2219 1083 2270 ut
1105 2213 1253 2272 incertum

103 2321 203 2389 esset,
231 2322 332 2376 utrum
353 2319 393 2374 irn
416 2318 508 2374 an‘in
530 2314 626 2392 accipi
649 2315 798 2374 uoluisset
819 2314 974 2388 librarius,
1004 2335 1124 2393 semper
1145 2319 1157 2374 i
1183 2323 1267 2377 ante

104 2416 228 2476 easdem
248 2424 312 2477 tres
333 2417 451 2477 litteras
473 2417 504 2476 in
527 2420 565 2476 im
583 2417 674 2491 solui;
699 2437 818 2495 semper
834 2417 899 2477 fere
917 2421 1057 2491 imperare
1076 2417 1250 2492 (imperator,

104 2515 268 2604 simpertum)
291 2521 449 2596 scribitur,
479 2521 552 2580 item
580 2523 703 2593 impetus
726 2516 849 2595 (ipetns)
879 2522 984 2599 paucis
1007 2521 1083 2581 locis
1106 2524 1251 2601 exceptis,

106 2641 182 2698 quos
205 2622 371 2686 secundnm
393 2623 642 2683 consuetudinem
664 2625 890 2702 praeualentem
913 2625 1045 2698 correxi,
1070 2634 1139 2684 ente
1159 2627 1170 2682 l
1187 2633 1253 2685 etr

107 2745 174 2784 eum
196 2727 228 2783 Α1
250 2725 339 2786 modo
362 2727 611 2787 adsimilationsm
632 2728 865 2805 praepositionis
892 2726 1015 2800 admisi,
1043 2729 1132 2788 modo
1155 2731 1186 2788 c'n
1207 2728 1251 2788 in-

106 2836 221 2888 tactum
242 2829 364 2906 reliqui,
399 2839 429 2890 et
454 2829 466 2888 i
496 2831 544 2890 bie
567 2849 687 2908 semper
712 2831 744 2893 in
766 2835 798 2890 in
820 2831 905 2890 solui.
936 2832 1009 2890 'De
1038 2834 1252 2912 praepositione

107 2950 160 2990 con
181 2933 305 3008 sineque
328 2933 515 3012 compendiis
544 2935 576 2994 cd
598 2935 649 2994 uel
672 2939 688 2994 ὃ
714 2936 840 2994 mutatis
867 2934 1020 2994 mutandis
1046 2935 1141 3012 idem,
1172 2939 1253 3012 quod

108 3035 198 3094 dein
220 3037 292 3110 eti,
316 3036 476 3096 dicendum
499 3043 560 3112 est;
584 3038 615 3097 in
637 3042 743 3098 conicio
766 3039 813 3097 uel
837 3041 924 3098 coicc'o
946 3037 1155 3115 similibusque
1178 3041 1252 3100 scri-

109 3137 214 3196 bendis
242 3140 273 3196 Α1
303 3148 426 3200 secutus
454 3161 536 3216 sum;
571 3147 697 3212 conecto,
734 3143 844 3201 conitor
873 3161 993 3219 semper
1020 3143 1053 3199 Αι
1081 3143 1183 3202 habet.
1213 3174 1255 3183 -

109 3242 295 3320 Praepositio
314 3257 371 3318 τι,
400 3244 453 3304 ubi
481 3265 548 3304 cum
577 3244 679 3305 uerbis
703 3246 740 3304 ab
763 3263 778 3303 s
800 3265 875 3322 puro
897 3245 947 3304 uel
969 3245 1086 3325 impuro
1109 3247 1255 3325 incipien-

110 3345 190 3404 tibus
213 3348 410 3424 componitur,
440 3349 617 3426 plerumque
640 3347 744 3422 efficit,
768 3355 802 3406 ut
823 3348 880 3406 hoc
903 3367 917 3406 s
940 3349 1089 3408 abiciatur
1112 3347 1190 3424 (siue
1212 3351 1256 3409 ita

112 3449 208 3508 dicere
240 3449 342 3524 malis,
378 3451 458 3526 quod
491 3451 624 3511 fortasse
651 3451 764 3511 rectius
780 3451 864 3524 erit,
898 3453 1152 3530 praepositionem
1186 3461 1256 3513 ente

111 3552 183 3611 haec
210 3553 319 3627 uerba,
352 3560 387 3612 ut
413 3553 565 3614 interdum
594 3575 631 3614 ex
661 3554 785 3630 antiqua
813 3555 1030 3615 consuetudine
1061 3564 1130 3615 ante
1160 3556 1256 3615 uerba

113 3655 148 3714 ab
170 3655 377 3734 sincipientia
405 3654 501 3732 (uelut
522 3660 629 3728 ecferre
650 3679 679 3736 p.
702 3660 730 3732 7,
757 3651 818 3731 10),
841 3657 871 3715 in
894 3677 925 3716 ec
948 3659 1072 3732 mutari,
1096 3656 1204 3716 deinde
1227 3675 1256 3716 cs

112 3759 142 3816 in
161 3777 180 3816 e
201 3754 367 3836 coniungil;
391 3760 446 3820 sed
468 3769 568 3822 tamen
590 3781 649 3820 non
672 3760 760 3820 modo
783 3762 883 3831 eciem,
907 3779 1041 3836 ceeqnor,
1065 3778 1170 3833 nnnc,
1194 3765 1256 3819 ento

114 3859 156 3936 (ut
186 3863 273 3921 etiem
308 3866 455 3936 exequiae,
489 3859 582 3936 encre)
610 3863 778 3939 similiaque
801 3862 988 3940 scribuntur,
1027 3884 1133 3923 uerum
1166 3864 1256 3922 etiam

114 3967 219 4036 cenem,
253 3983 399 4040 exsequor,
434 3985 548 4041 menno,
583 3971 659 4026 cesto
687 3964 861 4042 (ceseqnc'ue,
896 3963 1018 4043 casces),
1053 3987 1145 4043 quare
1178 3966 1256 4026 hanc

115 4087 227 4144 quoqne
243 4088 350 4128 manus
367 4071 482 4148 primae
499 4071 731 4130 inconstantiam
749 4069 883 4129 imitatus
901 4089 981 4144 sum,
1006 4071 1125 4130 escendo
1138 4089 1256 4148 semper

115 4172 231 4249 scripsi,
263 4173 400 4248 quamuis
423 4173 577 4251 supersint
599 4173 743 4250 uestigia,
774 4172 884 4248 quibus
908 4173 1007 4250 colligi
1030 4180 1133 4251 potest
1156 4174 1186 4230 1¹
1211 4173 1255 4231 in·

115 4275 225 4334 terdum
247 4277 367 4335 escendo
390 4276 439 4335 uel
461 4278 596 4335 crescendo
619 4277 781 4354 scripsisse
804 4273 854 4349 (cf.
869 4297 897 4354 p.
918 4277 947 4349 3,
969 4277 1021 4349 18;
1049 4278 1097 4348 19,
1116 4277 1180 4335 bet
1193 4271 1255 4350 15),

54 4417 58 4428 .
116 4395 166 4435 nec
192 4377 359 4456 scripturas
388 4382 534 4440 cnsccnerc't
561 4377 603 4458 (p.
629 4381 699 4454 145,
722 4377 777 4452 25)
813 4387 842 4438 et
871 4384 1029 4438 ensuerunt
1054 4375 1095 4457 (p.
1120 4380 1198 4453 403,
1223 4372 1255 4451 3)

117 4489 213 4558 aperte
239 4501 350 4560 prauae
385 4483 521 4543 tolerani.
557 4513 597 4524 -—
630 4484 678 4543 De
713 4485 748 4544 ab
776 4484 834 4542 boc
862 4489 990 4544 tantum,
1008 4481 1169 4542 dicendum
1197 4491 1254 4556 est,
1326 4565 1328 4570 Ι

116 4604 160 4643 me
179 4583 290 4645 formas
314 4607 332 4644 a
353 4605 443 4646 manu
464 4587 561 4664 prima
588 4587 721 4662 oblatas,
752 4606 829 4662 quae
859 4592 931 4644 sunt
953 4589 1030 4658 april
1051 4582 1091 4664 (p.
1116 4586 1167 4659 61,
1191 4579 1254 4659 21),

118 4689 219 4760 upstnlc'
239 4684 281 4766 (p.
307 4691 377 4765 144,
403 4685 448 4764 1),
471 4693 606 4764 apstersc't
626 4686 668 4768 (p.
693 4691 764 4765 300,
791 4683 857 4766 16),
881 4689 1016 4762 apstrnbo
1039 4685 1079 4766 (p
1098 4688 1171 4762 272,
1194 4685 1254 4760 17),
