3246 5332
471 403 512 444 nn
534 403 587 444 raa
610 403 670 442 nm.
694 402 715 459 1,
737 402 880 442 xx-—xxr
1220 375 1262 440 75

110 563 251 648 aliquid,
274 567 365 647 quod
387 573 425 632 tu
447 567 562 652 magni
585 569 711 648 (aalma)
734 576 843 652 putes,
876 567 963 632 siout
986 565 1021 630 O.
1047 565 1180 648 Caesar,
1205 564 1262 648 qui

110 675 218 740 iratus
242 675 347 758 eaelo,
371 675 462 760 quod
483 683 697 762 opstreperet
713 675 941 762 pantomimis,
965 697 1049 759 quos
1065 673 1263 739 imitabatur

112 784 297 851 studiosius
328 807 428 869 quam
451 785 637 872 spectabat,
669 785 827 870 quodque
851 784 1045 850 comissatio
1069 806 1130 848 sua
1151 782 1262 850 fulmi-

111 893 212 958 nibus
253 899 437 959 terreretur
482 895 632 978 (prorsus
673 916 794 980 parum
835 893 983 976 certis!)‚
1029 891 1073 958 ad
1113 915 1263 978 pugnem

87 1002 251 1068 suoeauit
272 1003 390 1068 Iouem
414 1002 609 1088 etquidem
632 1004 703 1068 sine
726 1003 896 1086 missione,
925 1000 1146 1066 Homericum
1168 1000 1263 1066 illum

114 1111 307 1176 exclamans
329 1133 479 1176 uersum:

512 1227 526 1298 ἥ
549 1229 576 1302 μ’
601 1229 700 1302 ἀνάειρ’
724 1231 739 1297 ἢ
762 1229 816 1303 ἐγὼ
836 1230 872 1282 σε’.

115 1328 251 1405 Quanta
273 1328 444 1394 dementia
465 1329 548 1394 fuit!
582 1330 717 1416 putauit
739 1338 798 1395 aut
821 1329 886 1394 sibi
908 1328 1024 1394 noceri
1045 1349 1089 1392 ne
1112 1328 1156 1392 ab
1179 1328 1298 1396 Ioues

115 1437 251 1521 quidem
277 1460 379 1522 posse
403 1444 461 1502 aut
484 1461 519 1504 se
542 1461 666 1504 nooere
690 1438 793 1504 etiem
815 1437 891 1502 Ioui
913 1459 1024 1524 posse.
1079 1436 1157 1500 Non
1179 1433 1262 1520 puto

75 1577 100 1610 ιο
113 1568 233 1631 parurn
261 1547 423 1611 momenti
451 1547 539 1612 hane
569 1548 640 1613 eius
670 1569 790 1612 uooem
818 1545 863 1611 ad
889 1546 1079 1612 incitandas
1109 1545 1262 1610 coniura-

114 1661 226 1719 torum
258 1663 389 1720 mentes
424 1654 610 1740 addidisse3
645 1656 784 1722 ultimae
818 1655 908 1720 emm
937 1654 1123 1740 patientiae
1153 1653 1263 1717 uisum

116 1770 167 1829 est
190 1786 267 1828 eum
288 1762 387 1848 ferre,
410 1765 468 1849 qui
490 1765 608 1831 Iouem
629 1787 699 1830 non
721 1763 835 1830 ferret.

200 1871 299 1937 XXI.
354 1871 447 1938 Nihil
481 1895 560 1960 ergo
595 1873 630 1938 in
662 1873 727 1955 ira,
771 1896 815 1937 ne
849 1895 926 1936 oum
959 1871 1094 1936 uidetur
1127 1871 1298 1956 qui'dem1

116 1981 299 2047 uehemens
329 1987 364 2046 et
392 1982 474 2072 deos
496 1981 718 2066 hominesque
742 1980 942 2067 despiciens,
976 2002 1146 2066 magnum,
1179 1979 1265 2044 nihil

81 2123 104 2158 a
117 2090 232 2156 nobile
267 2097 326 2155 est.
381 2089 461 2174 Aut,
492 2091 526 2156 si
554 2090 690 2156 uidetur
719 2090 819 2154 alioui
848 2112 1009 2174 magnum
1039 2090 1187 2154 animum
1215 2090 1279 2173 ira!

117 2199 313 2286 producere,
348 2199 506 2264 uideatur
529 2207 564 2264 et
585 2199 730 2265 luxuria:
766 2199 868 2263 ebore
892 2198 1052 2263 sustineri
1074 2199 1156 2280 uult,
1186 2186 1275 2292 pur-¹¹

119 2331 202 2394 pura
224 2309 351 2390 uestiti,
374 2330 455 2374 auro
478 2309 558 2394 tegi,
580 2316 689 2374 terres
711 2305 905 2389 transferre,
927 2306 1033 2371 meria
1052 2305 1271 2388 ooneludere,;,
1384 2387 1387 2394 ι

119 2417 256 2482 flumina
295 2417 534 2502 praecipitare,
574 2439 714 2482 nemora
747 2415 962 2500 suspendere.
1029 2415 1197 2482 Uideatur
1231 2396 1300 2490 etl2

122 2525 262 2591 auaritia
289 2527 404 2611 magni
431 2526 551 2590 animi:
587 2525 717 2591 aoenris
747 2524 819 2589 auri
848 2524 1045 2609 argentique
1068 2525 1209 2589 inoubat
1232 2529 1267 2588 et

86 2667 109 2701 20
121 2633 369 2720 prouinciarum
396 2633 590 2700 nominibus
622 2655 721 2718 agros
745 2632 826 2698 oolit
850 2640 884 2697 et
906 2634 967 2698 sub
993 2633 1134 2718 singulis
1157 2631 1265 2697 uilieis

120 2742 256 2808 latiores
294 2741 399 2808 habet
437 2743 537 2825 fines,
583 2764 683 2828 quam
717 2763 801 2826 quos
836 2741 992 2806 eonsules
1026 2742 1264 2808 sortiebantur.

121 2851 286 2918 Uideatur
309 2859 343 2916 et
363 2851 470 2917 libido
493 2851 609 2936 magni
632 2851 748 2916 animi:
779 2857 934 2916 transnat
956 2849 1054 2935 freta,
1084 2866 1300 2936 puerorum3

121 2983 241 3045 greges
265 2967 399 3044 castrat,
423 2961 485 3026 sub
508 2959 659 3044 gladium
680 2959 793 3023 mariti
815 2959 910 3024 uenit
932 2967 1040 3032 morte
1059 2965 1263 3045 contempta.

123 3219 242 3274 rammi
261 3218 340 3285 (ami)
359 3217 456 3272 addidi
475 3219 584 3282 (estad
597 3233 670 3272 eone.
681 3218 718 3271 ud
729 3216 813 3271 Maro.
825 3221 866 3282 16,
885 3217 927 3283 4);
946 3217 1067 3285 spiritus
1086 3217 1153 3271 aaut
1169 3218 1267 3272 moluit

121 3305 204 3360 Koctu
308 3323 334 3373 g.
363 3322 444 3374 cesar
470 3302 492 3359 A
594 3305 612 3358 2
638 3304 821 3371 obstreperet
847 3300 866 3358 L
893 3309 924 3356 ut
946 3319 1003 3370 πρ,
1031 3293 1219 3370 opstreperel
1237 3299 1266 3368 A,

122 3391 192 3458 quod
215 3397 281 3457 tort.
308 3390 416 3455 desuem
436 3385 555 3456 'poterat
659 3389 676 3441 3
703 3387 870 3442 comissatio
896 3388 996 3456 scripsi
1021 3387 1207 3454 (comessatio
1234 3384 1266 3454 L,

122 3477 178 3530 edd.
196 3476 287 3543 reoc.);
315 3473 527 3530 comessatioA
630 3476 647 3528 4
674 3491 793 3543 prorsus
819 3479 892 3541 paru
920 3473 1008 3528 certis
1034 3471 1093 3529 AL
1118 3475 1266 3537 uerissime,

122 3561 192 3628 quod
216 3568 286 3616 reete
311 3567 426 3616 onomat
451 3560 581 3628 Lipsttee5
609 3560 711 3615 scilieet
737 3565 849 3614 eertum
875 3558 986 3613 fulmen
1012 3575 1096 3628 aeque
1122 3559 1186 3612 bene
1211 3558 1268 3611 diei

81 3663 84 3668 ·
119 3653 206 3713 potest
231 3653 311 3714 utque
338 3653 418 3702 eerta
444 3646 538 3712 hasta,
566 3646 682 3714 sagitta,
709 3644 825 3710 omilim
852 3643 932 3699 Koch
949 3647 1082 3699 immerito
1101 3644 1267 3712 scripturam

122 3734 243 3787 niutautt.
326 3733 342 3784 7
359 3734 444 3786 uerbo
461 3732 576 3786 Homeri
593 3733 639 3799 (ex
656 3731 692 3785 It.
715 3743 746 3797 Ψ,
763 3730 831 3796 724)
849 3730 969 3785 restituit
987 3731 1113 3786 Muretus
1130 3731 1162 3784 ot.
1180 3729 1266 3784 Dion.

124 3818 196 3872 uass.
223 3818 268 3871 tit.
295 3817 374 3882 LIX,
402 3821 439 3872 28
465 3816 552 3884 (Suet.
581 3817 666 3885 Galia.
694 3815 745 3882 22)
780 3823 806 3871 et
833 3817 879 3880 „ia
905 3817 972 3870 libro
1000 3815 1092 3870 Siculo
1118 3815 1160 3870 tta
1182 3816 1268 3882 pleae

123 3903 244 3957 emamus
261 3903 361 3958 litteris
378 3903 510 3970 emptum
529 3901 601 3958 eaee“
620 3903 703 3968 dieit-
720 3905 751 3956 ia
768 3901 789 3957 A
807 3908 859 3956 est:
878 3901 1211 3966 ΗΜΛΝΑΡΕΝΕΙῺΟΕς
1237 3903 1268 3954 tn

123 3986 154 4044 L:
180 3995 262 4044 NMA.
283 4005 364 4057 pene.
386 4003 444 4042 lece
551 3989 582 4041 11
608 3989 639 4042 tn
656 4005 707 4056 my.
726 3987 778 4043 A³t
797 3985 905 4058 Vltime
924 3987 949 4041 .i.
969 3986 1164 4056 abiectissime

126 4125 155 4178 17
188 4085 273 4180 terre¹
293 4143 359 4180 eurr.
385 4125 420 4182 A¹
562 4127 596 4180 20
631 4124 796 4207 prouincias
832 4124 997 4179 nominibus
1033 4139 1167 4192 agrorum
1201 4127 1267 4179 mni.

130 4209 166 4265 W.
185 4212 296 4278 Gmwlt,
324 4213 395 4279 estod
420 4212 462 4266 ita
488 4211 593 4266 dunum
618 4211 732 4278 probari
751 4217 868 4278 poterat,
896 4210 921 4264 st
948 4209 1063 4265 nomine
1090 4211 1266 4276 smbcretum

125 4298 170 4351 sed
185 4297 254 4352 auu
270 4297 470 4365 corrigentem
497 4297 552 4352 uid¹
572 4294 696 4364 Lipsius.
801 4296 897 4351 uilieis
921 4297 989 4361 (nun
1006 4295 1164 4363 uilliois)A

124 4383 156 4436 22
180 4381 314 4438 uideatur
332 4382 368 4438 A¹
389 4382 432 4449 (ui
450 4385 480 4437 tu
498 4381 566 4446 rae.)
669 4387 751 4436 trans
770 4381 861 4438 natA
887 4381 954 4447 (nou
972 4387 1147 4448 transnatat,
1174 4389 1205 4436 ut
1222 4399 1266 4451 uq.

125 4469 215 4532 editur,
244 4471 325 4522 etiam
342 4487 361 4524 u
379 4467 510 4534 nouat
537 4465 689 4536 trasnatL
792 4468 827 4521 23
853 4467 935 4523 uenit
952 4475 1045 4523 morte
1063 4467 1110 4536 ΑΙ,
1129 4469 1177 4522 aed
1194 4485 1267 4521 uxor

126 4551 159 4607 A⁸
186 4553 216 4607 in
242 4571 294 4622 mo.
321 4555 431 4609 addidit
456 4561 482 4607 et
502 4560 569 4620 pout
594 4553 676 4607 uenit
702 4553 874 4607 intuendum
900 4568 957 4606 esee
983 4553 1166 4622 styaificuuit·
1199 4555 1268 4622 meod

125 4640 223 4702 salumn
248 4639 516 4706 interpretamentum
534 4654 591 4693 esee
609 4639 715 4692 ostendi
734 4637 810 4691 Stud.
830 4639 888 4692 crit.
908 4653 933 4704 p.
953 4641 990 4693 20
1006 4655 1058 4706 aa:
1085 4637 1167 4694 uenit
1193 4657 1266 4694 uxor

126 4729 213 4778 morte
231 4721 251 4779 L
268 4730 300 4779 ut
316 4741 360 4792 uo.
