3126 5344
246 397 280 456 II

247 585 407 662 quisiuisse
441 585 564 658 scirem,
599 603 664 641 meo
698 583 772 657 iure,
807 589 840 640 ut
874 584 988 661 opinor,
1023 584 1209 648 confidebam
1241 588 1307 648 fieri
1340 591 1390 649 uix

246 689 391 766 potuisse,
426 695 459 746 ut
487 706 542 762 ego
571 705 717 758 errarem;
753 706 769 744 e
798 687 947 746 contrario
970 688 1020 763 qui
1043 689 1134 748 talem
1157 711 1288 750 errorem
1311 711 1391 751 com·

244 791 362 850 mittere
390 791 549 868 potuisset,
583 797 617 848 ut
644 790 675 847 in
703 807 785 847 cons.
810 789 848 848 ad
870 790 966 850 Mare.
993 793 1020 866 1,
1051 794 1070 850 8
1104 791 1144 870 (p.
1170 794 1241 870 165,
1264 797 1284 853 4
1306 815 1390 854 meae

246 895 385 954 editionis
409 919 446 938 ==
470 914 500 970 p.
526 893 595 967 122,
621 895 661 951 14
684 891 753 952 edit.
777 892 888 964 Koch.)
920 894 978 954 duo
1001 897 1104 970 uerba,
1139 917 1167 972 q.
1192 917 1216 956 s.
1240 899 1392 968 difficilius

246 1002 399 1067 curentur,
429 1017 447 1054 a
470 995 572 1054 codice
595 996 795 1055 Ambrosiano
819 998 927 1056 abesse
950 1019 1112 1074 eorumque
1134 1019 1191 1058 nec
1213 999 1312 1064 uolam
1334 1020 1391 1058 nec

245 1093 405 1176 uestigium
438 1117 598 1175 superesse
631 1119 690 1158 non
722 1099 840 1158 uideret
868 1108 958 1176 atque
986 1101 1110 1179 insuper
1138 1122 1185 1161 me
1212 1103 1391 1162 temeritatis

245 1209 395 1281 argueret,
429 1200 510 1277 quod
542 1201 616 1261 haec
648 1202 742 1260 uerba
776 1222 897 1261 sensum
930 1203 989 1262 loci
1021 1206 1153 1282 pessime
1183 1199 1391 1284 perturbantis

245 1306 380 1366 eicienda
412 1324 480 1364 esse
513 1304 685 1382 suspicatus
719 1324 826 1382 essem,
862 1326 938 1382 quae
972 1302 1105 1384 suspicio
1140 1309 1244 1386 optimi
1278 1307 1390 1366 codicis

244 1409 414 1470 testimonio
438 1407 679 1483 confirmabatur,
714 1408 786 1484 quid
810 1409 847 1468 de
871 1399 941 1468 eius¹
956 1411 986 1467 in
1010 1411 1211 1488 comparando
1236 1411 1391 1488 diligentia

245 1513 371 1572 iudicari
393 1512 543 1571 debebat?
587 1512 652 1571 Nec
675 1512 774 1588 opinio
796 1532 844 1571 me
866 1511 984 1572 fefellit.

329 1615 408 1676 Nam
441 1635 518 1673 anno
554 1616 646 1690 1882,
681 1634 748 1674 cum
782 1617 910 1674 summi
944 1616 1161 1693 Ministerii,
1196 1617 1278 1694 qu'od
1311 1617 1392 1695 apud

245 1739 301 1778 nos
339 1739 438 1778 rerum
478 1717 762 1777 ecclesiasticarum·
791 1725 822 1776 et
861 1719 1108 1779 scholasticarum
1141 1720 1392 1780 administrationi

246 1830 375 1899 praeest,
410 1822 530 1898 egregia
551 1821 732 1879 liberalitate
756 1821 886 1895 adiutus,
917 1843 1006 1898 quam
1028 1823 1077 1882 hic
1099 1824 1270 1900 gratissimo
1294 1824 1391 1882 animo

247 1943 460 1998 commemoro,
500 1924 560 1983 .hoc
599 1925 666 2001 ipso
701 1925 825 1983 consilio
858 1925 1063 1985 Mediolanum
1095 1927 1204 1985 iterum
1237 1925 1392 2004 profectus

247 2048 356 2103 essem,
390 2035 424 2086 ut
450 2027 570 2104 plenam
600 2035 630 2084 et
652 2026 819 2104 perfectam
843 2027 955 2087 codicis
977 2029 1170 2088 Ambrosiani
1194 2028 1392 2088 conlationem

246 2133 277 2191 in
303 2141 391 2190 usum
420 2129 560 2188 editionis
590 2129 776 2205 conficerem,
811 2131 938 2208 primum
966 2131 996 2189 in
1025 2131 1067 2190 eis
1096 2131 1191 2206 libris,
1224 2132 1255 2190 in
1284 2132 1393 2207 quibus

246 2236 305 2294 iam
340 2243 428 2293 antea
462 2233 593 2292 codicem
623 2253 690 2291 oum
718 2233 825 2292 Haasii
852 2234 982 2292 editione
1011 2254 1269 2312 comparanmam,
1303 2234 1393 2310 longe

246 2337 382 2416 plurimis
417 2337 492 2395 locis
520 2356 616 2395 meam
646 2337 844 2396 conlationem
871 2336 1048 2396 Kochianae
1076 2345 1231 2414 praestare
1259 2357 1294 2396 ao
1322 2357 1394 2396 uera

248 2441 400 2501 continere
427 2439 504 2513 uidi;
539 2439 647 2498 deinde
674 2440 705 2498 in
729 2441 838 2499 ceteris
861 2459 980 2515 quoquo
1001 2440 1087 2499 libris
1109 2441 1220 2499 totiens
1242 2439 1394 2498 Kochium

248 2563 366 2605 errasse
389 2541 597 2616 animaduerti,
621 2549 655 2600 ut
678 2550 708 2600 et
731 2563 787 2620 ego
810 2549 840 2600 et
863 2543 977 2601 amicus
999 2562 1094 2618 meua,
1119 2543 1168 2618 qui
1191 2550 1255 2601 tum
1278 2562 1394 2601 mecum

248 2647 336 2706 simul
364 2646 396 2704 in
423 2644 607 2703 bibliotheca
635 2645 837 2704 Ambrosiana
864 2647 1052 2718 uersabatur,
1088 2645 1244 2704 Gustauus
1272 2647 1393 2719 Loewe,

249 2770 307 2826 quo
336 2748 425 2808 modo
453 2748 509 2805 hoo
535 2746 601 2806 fieri
629 2748 787 2824 potuisset,
821 2733 911 2808 ualde
933 2750 1109 2809 miraremur
1143 2727 1303 2820 (interdum
1327 2768 1395 2807 cum

249 2853 321 2928 risu,
345 2851 428 2910 uelut
448 2851 537 2908 ineo
559 2850 636 2925 loco,
660 2851 710 2926 qui
733 2871 762 2928 p.
784 2853 895 2927 136,.3
919 2851 1088 2930 reperitur).

335 2952 395 3011 Sed
428 2951 497 3010 nolo
532 2953 692 3028 quicquam
724 2955 847 3030 grauius
880 2955 910 3014 in
943 2956 1040 3014 uirum
1073 2955 1224 3014 mortuum
1256 2974 1312 3013 nec
1342 2974 1397 3012 sue

249 3057 337 3117 laude
371 3055 549 3114 destitutum
582 3055 691 3131 dicere,
727 3077 761 3116 eo
794 3058 893 3117 minus
927 3058 1016 3134 quod,
1050 3065 1085 3116 ut
1118 3064 1186 3117 ante
1217 3055 1288 3131 dixi,
1322 3057 1395 3130 scio,

251 3168 408 3237 quantum
425 3156 615 3218 difficultatis
648 3159 696 3218 hic
715 3160 815 3220 labor
843 3161 1034 3239 comparandi
1062 3161 1182 3235 habeat,
1216 3161 1396 3237 praesertim

251 3266 277 3322 si
296 3264 363 3340 quis
379 3282 439 3321 non
456 3261 545 3321 ualde
563 3263 744 3322 exercitatus
768 3264 806 3323 ad
823 3284 890 3323 eum
908 3265 1080 3340 accesserit,
1103 3263 1213 3322 nedum
1231 3263 1397 3322 Iohannem

250 3366 440 3440 Vahlenium‚
464 3366 515 3441 qui
538 3365 699 3425 editionem
710 3366 820 3426 Kochii
843 3374 938 3426 morte
960 3368 1158 3444 interruptam
1181 3366 1397 3425 absoluendam

252 3469 378 3544 curauit,
411 3469 551 3528 incusare
579 3487 721 3545 umquam
750 3469 822 3528 mihi
844 3470 875 3528 in
897 3478 1027 3529 mentem
1049 3471 1152 3529 uenire
1174 3469 1287 3547 possit;
1321 3468 1397 3528 haec

251 3580 368 3631 tantum
390 3571 498 3646 dicam,
533 3591 609 3646 quae
632 3572 732 3631 dicere
755 3592 802 3630 me
824 3591 949 3632 necesse
973 3580 1028 3648 est,
1062 3580 1097 3631 ut
1119 3572 1276 3631 consilium
1297 3591 1398 3630 meum

251 3683 313 3734 tam
345 3675 429 3733 breui
455 3673 533 3751 'post
562 3673 712 3733 Kochium
742 3676 798 3735 hos
827 3675 920 3735 libros
949 3677 1058 3735 iterum
1088 3674 1196 3734 edendi
1226 3673 1396 3735 defendam.

252 3777 350 3836 Multa
370 3777 463 3854 igitur
484 3774 621 3835 Kochius
643 3797 702 3836 non
725 3785 807 3837 recte
829 3777 903 3854 legit
910 3797 916 3852 3
951 3779 1046 3837 multa
1067 3778 1157 3855 plane
1179 3777 1396 3855 praetermisit;

253 3880 346 3939 multe
373 3875 486 3938 rasuris
513 3879 672 3955 liturisque
701 3881 862 3964 obscurata
889 3900 944 3939 nec
973 3889 1074 3940 tamen
1101 3881 1154 3956 ita,
1189 3887 1223 3938 ut
1249 3901 1309 3939 non
1332 3879 1397 3938 dili-

253 3983 372 4060 gentius
404 3981 570 4040 attendenti
592 3983 689 4059 prima
711 3983 862 4061 scriptura
885 3983 975 4042 certis
998 3983 1136 4059 uestigiis
1160 3981 1261 4059 colligi
1283 3967 1397 4060 posset

253 4085 370 4166 legere·
387 4093 439 4143 aut
471 4104 531 4143 non
558 4086 657 4162 potnit
685 4093 736 4144 aut
762 4106 822 4144 non
851 4087 967 4145 curauit
1000 4085 1042 4156 (et
1068 4085 1118 4143 hic
1145 4087 1273 4145 maxime
1301 4083 1397 4158 doleo,

254 4186 334 4264 quod
362 4186 458 4246 Italos
480 4186 615 4246 Fickerti
644 4189 813 4246 conlatores
843 4209 872 4266 p.
895 4187 980 4246 XIII
1009 4196 1039 4248 et
1066 4185 1177 4248 XXIV
1204 4207 1300 4265 paene
1328 4185 1399 4244 falsi

254 4289 413 4363 incusauit,
448 4289 528 4364 quod
552 4309 585 4349 se
608 4310 643 4349 ea
666 4291 779 4350 uidisse
802 4289 959 4366 dixissent,
983 4311 1059 4366 quae
1082 4290 1201 4350 omnino
1224 4310 1284 4349 non
1307 4309 1398 4366 appa-

140 4412 150 4432 ·
254 4399 369 4466 rerent3
404 4392 494 4450 immo
527 4392 633 4450 horum
664 4392 817 4452 hominum
851 4394 1050 4452 conlationem
1077 4393 1108 4450 in
1134 4392 1191 4451 hac
1219 4391 1339 4467 quidem
1367 4411 1399 4449 re

254 4494 413 4553 Kochiena
446 4494 597 4552 meliorem
619 4513 687 4554 esse
711 4493 862 4554 offirmare
884 4514 1018 4572 possum,
1054 4495 1191 4570 quemuis
1214 4479 1262 4552 illi
1280 4513 1400 4570 quoque

255 4597 405 4655 interdum
434 4597 626 4670 errauerint);
660 4605 818 4674 praeterea
848 4617 893 4672 ea,
927 4617 1004 4674 quae
1033 4597 1070 4655 de
1099 4595 1212 4656 codicis
1240 4596 1400 4675 scripturis

256 4699 365 4776 attulit,
390 4698 566 4776 saepissime
589 4719 623 4758 eo
646 4699 764 4758 nomine
785 4699 923 4758 laborare
945 4699 1017 4757 mihi
1039 4698 1190 4774 uidentur,
1214 4698 1294 4776 quod
1310 4697 1400 4756 nimis
