3228 5330
287 427 351 506 310
520 451 548 490 n.
572 451 689 490 assam
710 449 845 491 sssncsn
867 450 1065 492 manescere
1087 453 1147 493 nis.
1170 453 1200 490 x.
1241 477 1246 486 .

286 623 377 680 tasse
405 614 463 680 ille
484 615 560 700 ipse
583 615 640 699 qui
663 613 789 698 aliquoi
810 615 866 679 uel
888 613 1017 678 homini
1039 614 1096 678 uel
1117 615 1166 679 rei
1189 614 1335 682 donatur
1357 616 1429 681 dies

285 725 421 790 ultimus
444 729 500 788 est.
545 723 668 790 Omnia
687 727 860 808 tamquam
880 722 1039 788 mortales
1057 723 1192 806 timetis,
1215 725 1328 790 omnia
1345 729 1429 791 tam·

250 855 267 908 5
285 855 387 920 quam
403 818 607 930 immortates
626 833 875 917 concupiscitis,
919 831 1049 896 Audies
1066 831 1247 918 plerosque
1260 833 1428 900 dicentes:

284 967 323 1028 „a
357 941 636 1028 quinquagesimO
670 963 759 1006 anno
792 940 829 1004 in
864 941 969 1006 otium
998 939 1164 1025 secedam,
1198 941 1427 1028 sexagesimus

280 1075 334 1117 me
357 1071 465 1116 annus
488 1049 531 1114 ab
555 1045 676 1113 officiis
699 1047 874 1115 dimittet.“
918 1049 965 1114 Et
987 1071 1089 1134 quem
1105 1048 1244 1115 tandem
1261 1049 1452 1136 longioriss

280 1162 370 1226 uitae
403 1158 564 1246 praedem
598 1157 746 1243 accipis?
780 1157 855 1242 quis
888 1157 953 1224 ists
982 1158 1069 1222 sicut
1103 1159 1162 1241 (tu)
1197 1158 1347 1246 disponis
1375 1160 1425 1226 ire

279 1269 449 1357 patietur?
502 1267 580 1333 Non
606 1265 713 1354 pudet
739 1271 773 1329 te
801 1265 962 1351 reliquias
989 1267 1081 1332 uitae
1108 1267 1172 1332 tibi
1192 1290 1367 1334 reseruare
1391 1275 1426 1334 et

252 1433 255 1438 .
279 1380 314 1444 id
344 1378 454 1443 solum
482 1383 616 1462 tempus
643 1375 754 1440 bonae
782 1374 888 1440 menti
910 1374 1088 1458 destinare,
1124 1376 1217 1461 quod
1238 1377 1275 1440 in
1296 1376 1425 1442 nuliam

278 1510 350 1553 rem
368 1484 514 1552 conferri
530 1484 660 1571 possit?
705 1483 813 1561 Quam
832 1505 944 1549 serum
962 1490 1013 1549 est
1029 1490 1111 1550 tunc
1128 1485 1246 1550 uiuere
1264 1486 1434 1573 incipere,¹

279 1619 355 1662 cum
379 1592 602 1660 desinendum
624 1594 698 1658 est?
732 1615 819 1677 quae
841 1598 912 1658 tam
933 1593 1038 1658 stuita
1058 1593 1272 1659 mortalitatis
1295 1593 1422 1662 obliuio
1437 1625 1463 1660 ιο

278 1707 313 1769 in
341 1701 658 1789 quinquagesimum
686 1706 721 1765 et
748 1701 996 1788 sexagesimum
1024 1724 1150 1767 annum
1177 1701 1313 1770 differre
1342 1727 1425 1770 sana

280 1812 420 1878 consilia
450 1810 584 1875 atinde
606 1808 695 1876 uelle
718 1810 824 1875 uitam
844 1808 1014 1894 inchoare,
1046 1833 1112 1897 quo
1135 1812 1237 1898 pauci
1257 1813 1422 1899 perduxe-

277 1923 378 1988 runt?

247 2048 262 2101 1
363 2030 423 2094 IV.
468 2027 715 2100 Potentissimis
746 2034 779 2092 et
801 2028 837 2092 in
859 2028 963 2092 altum
986 2027 1128 2094 sublatis
1150 2028 1343 2100 hominibus
1367 2054 1422 2096 ex-

279 2140 392 2204 cidere
414 2159 517 2203 uocss
539 2137 681 2222 uidebis,
713 2136 835 2220 quibus
859 2137 964 2202 otium
987 2142 1114 2223 optent,
1142 2137 1292 2222 laudent,
1310 2141 1421 2206 omni·
1436 2165 1460 2202 ιε

176 2325 187 2336 ἱ
277 2250 342 2328 bus
364 2246 463 2311 bonis
486 2246 555 2311 suis
578 2243 786 2332 praeferant:
821 2246 962 2331 cupiunt
982 2245 1118 2310 interim
1141 2269 1181 2311 ex
1202 2246 1261 2311 illo
1284 2246 1421 2335 fastigio

278 2377 349 2438 suo,
374 2356 399 2419 si
422 2359 496 2419 tuto
517 2353 629 2437 liceat,
652 2352 874 2438 descendere;
896 2375 975 2420 nam
997 2359 1036 2418 ut
1056 2355 1141 2419 nihi]
1164 2361 1258 2422 extra
1278 2357 1423 2424 lacessat

244 2470 339 2534 aaut
360 2462 498 2549 quatiat,
530 2462 564 2526 in
587 2483 623 2526 se
645 2461 721 2547 ipsa
741 2460 879 2526 fortuna
900 2462 976 2528 ruit.
1020 2463 1130 2530 Diuus
1152 2462 1337 2551 Augustus,
1369 2467 1422 2531 cui

280 2573 317 2638 dt
340 2572 438 2659 plura
468 2593 569 2656 quam
596 2570 656 2636 ulli
683 2569 928 2656 praestiterant,
962 2593 1032 2637 non
1061 2571 1160 2637 desiit
1187 2573 1336 2658 quietem
1358 2576 1421 2640 sibi

278 2681 410 2769 precari
444 2685 479 2745 et
512 2679 725 2744 uacationem
759 2703 778 2743 a
810 2701 846 2744 re
881 2679 1018 2765 publiea
1044 2685 1177 2767 petere;
1212 2683 1320 2748 omnis
1350 2684 1458 2750 eiusce

277 2905 292 2955 1
310 2899 419 2970 aliquoi
436 2901 549 2967 sospem
567 2899 665 2968 aliquo
683 2899 729 2966 A¹;
747 2899 833 2954 alicui
851 2899 884 2960 A*
970 2903 1051 2957 test
1074 2901 1246 2972 Wesenber9;
1266 2903 1306 2959 sit
1323 2904 1344 2962 A

277 2985 361 3042 Ornia
379 2991 469 3055 taqua
485 2986 624 3040 mortales
642 2984 753 3040 timetis
772 2984 807 3054 A3
833 3002 902 3040 uera
918 2987 970 3041 illc
987 2988 1096 3055 quidem
1118 3005 1167 3055 per
1184 3003 1212 3042 se
1230 2991 1364 3044 sententia
1381 2997 1423 3046 est

276 3074 338 3138 (cfr.
362 3089 388 3126 u.
411 3088 431 3125 c.
456 3087 516 3138 cap.
539 3074 565 3136 8,
591 3071 630 3138 2),
658 3072 705 3125 sed
728 3077 818 3125 tcmeu
840 3073 934 3126 meiius
956 3072 1066 3136 fecisset
1089 3071 1198 3142 Seneca,
1225 3077 1251 3128 si
1272 3091 1332 3130 scm
1354 3077 1379 3130 ta
1404 3077 1420 3129 t.

276 3157 413 3214 omisisset
430 3155 550 3224 satisque
567 3157 707 3210 tabuisset
724 3159 808 3226 sotum
826 3159 988 3211 seutentiam
1005 3159 1174 3213 contorium
1201 3161 1326 3228 (omnia.
1339 3205 1344 3216 .
1355 3179 1420 3217 con·

276 3241 439 3313 cupiscitis)
460 3258 577 3310 ponere;
605 3259 688 3311 usque
710 3243 781 3296 urim
802 3259 874 3296 uuuc
897 3249 963 3307 erat
990 3259 1039 3297 cur
1059 3243 1103 3298 dis
1126 3246 1232 3302 ductus
1249 3248 1422 3302 sententiise

275 3328 383 3395 reqioue
406 3327 508 3395 positis
525 3328 738 3382 inconstantium
754 3327 892 3382 homiuum
909 3328 1126 3398 discordiamque
1143 3332 1173 3384 iu
1191 3333 1248 3388 illis
1266 3333 1422 3398 adfectuum

274 3421 388 3470 notaret.
424 3412 522 3468 Nihilo
538 3413 629 3466 miuus
648 3412 783 3474 Gruterus
800 3415 948 3467 eudesius
964 3417 1078 3482 errauit,
1102 3417 1173 3484 quot
1191 3419 1323 3474 tuditem
1341 3419 1421 3486 senp-

275 3507 365 3553 turom
396 3498 504 3555 tenetis
532 3514 587 3566 pro
619 3497 729 3553 timetis
759 3501 877 3566 reposito
907 3507 987 3568 atque
1017 3503 1059 3556 ito
1089 3504 1267 3569 pessumdata
1294 3502 1424 3557 audduu'

274 3593 378 3639 mutare
396 3586 493 3646 uoluit,
517 3584 643 3652 quemue
660 3583 709 3637 troc
729 3583 886 3639 Grouoicius
903 3591 930 3638 et
947 3587 998 3638 ciii
1011 3587 1171 3654 probarim,-
1197 3587 1293 3642 metius
1310 3593 1423 3656 eperunt

274 3670 383 3724 librarii
400 3671 518 3724 duorum
526 3665 557 3735 D,
576 3672 622 3736 qut
640 3671 716 3723 ittam
733 3669 893 3724 senteutiam
910 3671 992 3736 plene
1007 3671 1161 3738 omiserunt,
1181 3675 1229 3728 sed
1240 3674 1296 3740 too,
1315 3674 1421 3740 opinor,

274 3762 314 3810 est
331 3753 460 3808 Senecam
482 3760 571 3820 ipsum
594 3754 744 3822 corripere.
785 3755 890 3810 Eodem
913 3756 991 3809 modo
1016 3758 1098 3811 etiam
1115 3759 1193 3824 iufra
1211 3775 1269 3826 cop.
1287 3758 1311 3824 7,
1335 3757 1423 3812 uiua

275 3841 424 3895 secte-utic:
451 3845 482 3895 et
499 3839 576 3908 quod
592 3838 686 3909 magis
697 3881 703 3893 .
714 3881 720 3894 .
730 3839 900 3896 discendum
918 3846 964 3895 est
981 3841 1055 3896 mori
1079 3844 1198 3899 tollendo
1215 3851 1277 3898 erat
1294 3851 1320 3898 et
1335 3844 1423 3898 multu

275 3926 334 3980 otia
356 3926 421 3979 otiis
439 3927 512 3980 tocts.
616 3925 634 3979 3
660 3925 872 3995 concupiscetis
890 3924 920 3992 A,
947 3942 1015 3980 corr.
1033 3944 1077 3997 up.
1180 3930 1197 3984 4
1223 3927 1423 3998 sexagesimus

275 4063 301 4127 (s
319 4064 349 4115 iu
366 4079 423 4116 rcs.
440 4077 491 4130 pro
509 4079 535 4131 g,
562 4065 626 4128 tort.
644 4078 678 4118 tu.
697 4062 725 4128 1)
751 4060 773 4118 A
876 4065 892 4117 5
919 4023 1051 4119 abofficii
1065 4062 1110 4131 A⁵3
1137 4064 1270 4121 abofficis
1288 4063 1319 4122 A¹

274 4165 291 4217 6
316 4166 347 4218 iu
369 4181 419 4232 cup.
438 4162 484 4219 Au
510 4162 605 4219 Predd
629 4165 653 4219 .i.
680 4164 850 4220 fideiussore
962 4167 1019 4222 sict
1035 4164 1070 4234 A;
1094 4173 1127 4222 tu
1149 4183 1196 4236 eoo
1215 4168 1319 4223 addidi.

275 4285 307 4336 10
325 4255 471 4352 estiquae
489 4285 510 4340 A
527 4284 635 4350 (fuerat
652 4291 734 4338 autea
751 4283 811 4338 clio
828 4285 1023 4352 interpunctio:
1046 4291 1107 4370 esti
1124 4287 1218 4357 quae).
1290 4288 1322 4342 16
1339 4286 1423 4342 fasti·

274 4421 357 4488 gioso
375 4421 455 4486 (com¹
472 4421 536 4486 fort.
555 4439 588 4475 m.
608 4421 635 4486 1)
653 4420 675 4476 A
745 4421 778 4476 18
794 4421 826 4476 in
844 4441 875 4478 se
895 4425 1053 4492 Hactenus,
1072 4433 1105 4480 ut
1120 4432 1160 4480 est
1176 4426 1206 4479 tu
1223 4439 1278 4478 uuo
1294 4432 1321 4477 et
1338 4425 1425 4478 sture

274 4503 296 4562 D
315 4505 373 4572 (sed
390 4505 474 4559 simut
490 4505 584 4575 ipsam
601 4522 656 4560 uou
672 4513 742 4560 recte
759 4507 843 4562 scribi
859 4510 992 4577 uolebat);
1011 4511 1073 4565 inte
1092 4512 1113 4567 A
1208 4509 1241 4564 19
1259 4508 1299 4563 dii
1317 4508 1339 4564 A

274 4583 362 4663 quam
380 4589 433 4644 ulli
451 4608 509 4659 upa
528 4591 675 4660 quantilli
693 4591 715 4647 A
793 4595 1003 4663 praestiterant
1020 4597 1121 4665 scripsi
1140 4596 1216 4652 stud.
1236 4594 1295 4650 crit.
1310 4609 1340 4662 p.
1359 4595 1424 4662 us;

275 4675 415 4744 prestitet‘
432 4675 453 4732 A
540 4675 627 4731 desiit
643 4694 701 4744 u9.;
720 4677 796 4734 desit
814 4677 836 4735 A
921 4683 955 4735 20
972 4681 1087 4752 precari
1104 4679 1126 4737 A
1196 4699 1213 4735 s
1232 4679 1307 4736 BP.
1325 4677 1347 4736 A

276 4761 369 4815 omnis
387 4777 444 4830 uoq
463 4761 506 4816 ois
524 4760 546 4818 A
565 4765 625 4829 (pro
644 4762 708 4829 ote).
1143 4797 1148 4810 ·
1174 4779 1176 4784 ’
