3144 5344
214 399 246 460 X

215 591 315 652 sactus
332 605 392 650 est:
415 592 534 649 litteras
552 591 710 668 archetypi
728 611 796 650 cum
814 591 961 650 similibus
977 593 1170 668 permutauit,
1193 591 1362 649 litterarum

215 694 349 754 ordinem
366 694 518 753 interdum
528 669 833 772 peruertitslitteras,
851 693 995 770 syllabas,
1012 701 1077 752 tota
1088 695 1192 766 uerba,
1210 693 1360 752 interdum

214 807 297 858 totas
313 797 480 857 sententias
497 797 599 856 omisit
614 793 684 870 (hoc
701 798 829 855 maxime
840 808 965 875 propter
975 793 1236 870 homoeoteleuta),
1255 817 1362 856 rursus

214 902 273 961 ianr
290 901 404 978 scripta
421 919 515 978 paruo
532 899 739 959 intercedente
757 899 916 959 interuallo
927 900 1062 972 iterauit;
1087 921 1214 976 quorum
1225 901 1362 979 exempla

214 1023 282 1064 curn
303 1005 335 1063 in
356 1003 462 1081 primis
480 1023 598 1079 quoque
616 1003 701 1062 libris
718 1003 917 1081 reperiantur,
940 1011 1042 1061 tamen
1059 1004 1091 1061 in
1108 1004 1252 1062 extremis
1268 1003 1362 1062 multe

212 1107 417 1184 frequentiora
434 1113 516 1165 sunt.
561 1105 702 1166 Ceterum
718 1113 836 1184 partem
848 1125 992 1179 errorum,
1016 1125 1092 1181 quos
1104 1108 1148 1165 sio
1160 1107 1359 1180 commiserat,

212 1211 354 1270 librarius
375 1211 442 1288 ipse
464 1209 606 1282 correxit,
628 1209 779 1268 interdurn
802 1210 854 1284 ita,
877 1217 912 1268 ut
933 1230 1011 1285 quae
1030 1231 1124 1288 praue
1143 1211 1256 1286 scripta
1275 1219 1360 1269 erant

212 1313 351 1374 eraderet
368 1319 400 1372 et
415 1332 489 1372 uera
505 1313 535 1371 in
552 1313 666 1372 rasuris
678 1313 885 1388 substitueret,
898 1313 953 1372 sed
963 1313 1141 1391 plerumque
1153 1313 1218 1374 sine
1229 1313 1358 1373 rasuris:

212 1416 381 1476 litterarum
391 1416 469 1474 male
481 1417 663 1493 scriptarum
674 1416 788 1476 formas
799 1417 830 1474 in
841 1423 957 1480 rectum
969 1415 1130 1476 deflectere
1142 1415 1268 1488 studuit,
1281 1415 1360 1474 litte-

212 1539 263 1578 ras
291 1537 496 1596 superuacues
517 1519 638 1596 punctis
660 1539 753 1598 supra
775 1519 914 1596 infraque
937 1519 1085 1597 adpositis
1107 1518 1145 1590 (s)
1167 1519 1286 1578 notauit
1309 1527 1361 1578 aut

211 1623 310 1682 rarius
332 1621 420 1681 fineis
441 1621 618 1700 perforauit,
642 1623 779 1682 similiter
799 1623 951 1682 interdum
974 1622 1110 1699 syllabas
1127 1629 1158 1681 et
1174 1629 1240 1681 tota
1256 1624 1360 1694 uerba,

212 1743 319 1786 rursus
341 1725 469 1800 litteras,
498 1725 642 1804 syllabas,
671 1727 796 1810 uoculae
824 1726 952 1786 omissas
975 1745 1067 1804 supra
1088 1745 1211 1784 uersum
1234 1725 1359 1784 addidit.

212 1828 361 1906 Exempla
387 1828 437 1888 hic
464 1827 584 1888 adferre
614 1829 809 1908 supersedeo,
843 1851 910 1890 curn
938 1828 1065 1889 adfatim
1094 1849 1196 1888 eorum
1224 1829 1254 1886 in
1282 1849 1360 1888 com-

212 1932 358 1993 mentatio
388 1933 514 2010 reperiri
542 1934 654 2011 possit;
699 1933 756 1993 hoc
785 1941 887 1993 tamen
916 1932 1121 1992 adnotandum
1150 1933 1280 2006 uidetur,
1325 1953 1361 1991 ea

212 2035 431 2115 supplementa,
466 2055 544 2111 quae
576 2055 606 2114 p.
630 2037 703 2110 205,
732 2038 788 2110 213
823 2039 895 2112 215,
924 2039 959 2111 43
994 2039 1067 2110 337,
1096 2039 1130 2110 53
1165 2037 1280 2110 398,13
1314 2055 1360 2094 re-

212 2139 380 2219 periuntur,
414 2159 551 2216 quaeque
572 2138 710 2199 Koohius
742 2139 843 2198 manni
876 2139 1028 2200 secundae
1058 2139 1165 2197 tribuit
1197 2135 1301 2211 (etiam
1323 2138 1361 2196 de

213 2265 242 2322 p.
272 2244 344 2318 337,
374 2244 392 2301 5
421 2241 500 2303 falsa
527 2244 558 2302 iu
588 2243 781 2302 adnotatione
811 2249 842 2302 et
874 2241 1063 2321 praefatione
1092 2241 1261 2316 adferens),
1295 2242 1360 2300 sine

213 2346 304 2406 dnbio
334 2347 393 2425 ipsi
416 2347 447 2403 l*
472 2345 584 2406 deberi.
642 2345 730 2416 Quod
753 2346 792 2405 ad
813 2347 975 2405 uerborum
997 2345 1269 2422 interpunctionem
1292 2345 1361 2402 atti-

212 2457 274 2524 net,
297 2449 371 2510 haec
394 2469 500 2510 manus
523 2448 676 2508 rarissime
700 2448 767 2507 aliis
784 2449 889 2525 signis,
911 2451 1089 2528 plerumque
1106 2453 1223 2507 tantum
1240 2447 1361 2525 punctis

213 2553 316 2627 utitur,
340 2573 418 2629 quae
441 2553 619 2631 saepissime
641 2551 720 2612 falso
743 2552 809 2610 loco
827 2553 944 2629 posuit3
969 2553 1006 2612 de
1024 2551 1239 2628 orthographia
1254 2557 1362 2628 postea

213 2654 391 2714 uidebimus.
437 2655 537 2715 Unum
562 2647 653 2714 ctiain
674 2675 755 2713 nuno
778 2654 966 2717 adiciendum
990 2661 1074 2733 puto,
1109 2660 1309 2713 atramentum
1330 2653 1361 2712 in

213 2757 315 2817 multis
342 2758 462 2836 paginis
492 2758 553 2818 situ
579 2777 677 2835 paene
704 2757 874 2832 euanuisse,
907 2759 951 2817 ita
977 2765 1013 2817 ut
1039 2757 1208 2816 litterarum
1229 2763 1360 2815 tanturn·

213 2858 302 2918 modo
330 2860 440 2919 duetus
470 2862 500 2920 in
528 2862 702 2920 membrana
730 2868 925 2938 apparerent3
960 2862 1007 2920 his
1035 2861 1110 2920 locis
1137 2879 1244 2919 manus
1267 2860 1360 2919 multo

213 2964 364 3022 recentior
385 2957 442 3038 (M)
465 2964 646 3042 scripturam
674 2964 833 3024 enauidam
856 2983 949 3042 saepe
970 2963 1198 3042 redintegrauit,
1231 2964 1275 3022 ita
1297 2963 1361 3038 qui-

214 3064 292 3139 dem,
316 3073 350 3125 ut
371 3087 477 3126 manus
499 3067 615 3144 primae
637 3068 818 3145 scripturam
839 3068 1017 3146 plerumque
1038 3066 1170 3126 fideliter
1190 3072 1360 3140 renouaret,

216 3167 270 3228 sed
298 3175 398 3229 tamen
426 3169 545 3230 interim
573 3171 722 3247 quaedam
749 3171 877 3230 maxime
906 3171 937 3229 in
960 3169 1176 3248 orthographia
1198 3190 1252 3228 suo
1275 3169 1363 3228 modo

216 3279 353 3332 mutaret.
970 3276 974 3288 ‘

302 3375 435 3436 Transeo
469 3375 508 3436 ad
540 3378 584 3452 hl,
623 3377 655 3437 id
688 3383 736 3437 est
767 3397 910 3438 manum
943 3375 1154 3450 secundam,
1195 3395 1272 3452 quae
1304 3395 1364 3434 non

217 3479 315 3554 longe,
338 3486 372 3539 ut
392 3479 522 3556 uidetur,
545 3487 681 3558 tempore
702 3487 774 3559 post
796 3479 931 3540 codicem
952 3480 1098 3557 seriptum
1121 3479 1179 3539 alio
1197 3478 1364 3538 litterarum

216 3601 336 3658 genere,
370 3603 430 3644 non
458 3583 699 3661 Langobardico,
734 3602 790 3643 usa
824 3603 931 3644 manus
959 3583 1074 3661 primae
1102 3583 1283 3659 scripturam
1309 3601 1365 3658 per

216 3691 311 3744 toturn
344 3685 477 3746 codicem
501 3687 652 3764 corrigere
674 3687 800 3746 studuit.
856 3686 894 3746 In
917 3707 977 3762 qua
999 3706 1091 3763 opera
1113 3692 1214 3744 utrum
1237 3705 1274 3743 ex
1296 3685 1363 3761 ipso

217 3787 380 3866 archetypo
404 3809 451 3864 an,
486 3788 566 3865 quod
589 3788 690 3868 potius
714 3789 901 3863 crediderim,
936 3790 1090 3848 exaltem
1114 3788 1270 3866 archetypi
1293 3807 1363 3865 apo-

217 3889 341 3968 grapho,
376 3893 512 3972 exemplo
534 3893 736 3954 Ambr'osiano
759 3891 939 3970 quibusdam
966 3892 997 3951 in
1019 3893 1111 3951 rebus
1132 3892 1265 3966 meliore,
1299 3909 1363 3948 cor-

218 3994 367 4054 rectiones
388 3995 518 4074 petierit,
542 3994 667 4056 difficile
691 4003 738 4056 est
761 3994 941 4070 diiudicare;
966 3994 1021 4054 sed
1043 4001 1112 4058 utut
1133 4001 1190 4067 est,
1213 3993 1270 4052 hoo
1293 4011 1363 4050 con-

217 4103 288 4172 stat,
326 4095 406 4156 hunc
440 4106 641 4158 correctorem
674 4107 705 4159 et
737 4099 858 4176 linguae
881 4098 1008 4158 Latinae
1041 4096 1171 4175 peritum
1203 4095 1300 4155 fuisse
1333 4103 1364 4153 et

218 4199 304 4259 bonis
334 4199 365 4260 in
393 4200 570 4278 corrigendo
601 4200 760 4261 subsidiis'
775 4221 864 4261 nsum
895 4219 973 4276 esse,
1007 4219 1065 4276 quo
1095 4198 1210 4258 factum
1240 4206 1296 4272 est,
1331 4205 1364 4256 ut

216 4303 321 4362 utilem
356 4317 428 4363 sene
456 4323 577 4382 operam
606 4303 702 4364 codici
729 4304 930 4364 Ambrosiano
958 4303 1084 4363 nauarit.
1146 4303 1244 4378 Ergo,
1284 4308 1318 4359 ut
1346 4322 1364 4359 a

217 4405 346 4466 minimis
385 4405 539 4486 incipiam,
584 4407 854 4486 interpunctionem
893 4389 1000 4466 manus
1033 4405 1147 4482 primae
1186 4403 1364 4483 saepissime

218 4509 349 4570 correxit
376 4510 497 4588 punctis
525 4511 724 4588 superuacuis
752 4511 847 4570 erasis
877 4509 983 4569 aliisue
1010 4509 1139 4568 rectiore
1165 4507 1363 4584 locopositis

218 4609 286 4688 (hoc
313 4632 382 4672 raro
410 4613 440 4672 in
468 4613 680 4676 commentario
709 4613 949 4687 commemoraui,
983 4611 1159 4689 plerumque
1179 4609 1362 4669 necessitate

217 4721 350 4790 coactus,
368 4716 438 4792 quia
450 4715 588 4777 Kochius
607 4716 697 4775 etiam
716 4714 772 4774 has
788 4733 911 4774 rasuras
928 4713 1058 4773 stellulis
1077 4713 1141 4772 suis
1159 4705 1361 4788 signauerat);
