3246 5332
239 371 241 376 '
283 363 326 431 62
510 390 538 432 n.
562 389 681 434 arram
701 389 837 434 sarucia
857 389 1059 436 nrmoooavu
1079 389 1140 434 orn.
1163 389 1210 434 m.

284 553 367 638 quid
397 551 486 620 enim
512 553 666 639 interest,
700 555 729 620 si
757 576 865 639 aeque
894 555 1048 622 adtectus
1078 557 1272 623 inconsulta
1299 579 1354 622 res
1377 563 1430 622 est

283 661 356 727 sine
393 662 525 728 ratione
566 684 669 748 quam
705 663 794 729 ratio
833 664 906 728 sine
945 663 1084 730 adfectu
1115 664 1297 732 inefficax?
1362 665 1431 731 Par

281 777 462 855 utrumque
496 778 556 856 est,
590 755 650 836 dbi
684 793 758 836 esse
791 772 936 838 alterum
969 772 1041 838 sine
1071 773 1179 839 altero
1206 795 1276 839 non
1303 779 1428 860 potest.

248 879 366 955 4Quis
395 885 509 945 autem
536 880 704 946 sustineat
730 878 902 946 adfectum
930 903 1118 966 exaequare
1140 882 1288 960 rationi?
1333 881 1427 968 ,aas

181 1015 182 1018 ¹
280 988 393 1073 inquit
428 988 540 1073 ,utilia
574 987 715 1054 affectus
750 994 816 1071 est,
861 989 889 1053 ri
922 989 1075 1055 modicus
1110 977 1191 1056 est.“
1257 991 1365 1058 Immo
1399 991 1455 1056 sie

280 1102 404 1164 natura
432 1097 526 1162 utilis
550 1103 616 1180 est;
651 1096 711 1161 sed
733 1090 762 1160 si
783 1096 954 1182 inpatiens
976 1097 1112 1186 imperii
1133 1099 1344 1185 rationisque
1367 1107 1428 1184 est,

281 1203 347 1270 hoc
391 1205 558 1270 duntaxat
589 1205 823 1270 moderatione
857 1213 1093 1292 consequetur,
1135 1214 1183 1292 ut,
1219 1230 1285 1293 quo
1319 1207 1430 1273 minor

281 1310 394 1396 fuerit,
428 1312 539 1377 minus
570 1319 709 1379 noceat:
742 1335 824 1398 ergo
857 1314 1010 1380 modicus
1043 1315 1185 1380 affectus
1217 1315 1304 1380 nihil
1337 1316 1430 1382 aliud

283 1443 384 1505 quam
404 1421 532 1486 malum
553 1421 724 1487 modicum
747 1428 808 1487 est.

201 1610 204 1618 Ι
249 1537 265 1589 1
367 1529 431 1595 XI.
478 1529 567 1617 ,Sed
607 1531 769 1596 aduersus
808 1528 943 1595 hostes“
985 1532 1098 1617 inquit
1132 1532 1343 1616 „necessaria
1377 1538 1430 1597 est
1443 1561 1469 1598 ιο

189 1625 207 1644 '⁴
281 1637 362 1703 ira.“
417 1639 592 1724 Nusquam
619 1639 744 1704 minus:
779 1639 838 1704 ubi
865 1661 934 1704 non
963 1640 1089 1706 effusos
1113 1663 1186 1706 esse
1209 1647 1345 1726 oportet
1366 1640 1429 1705 im-

282 1752 393 1832 petus,
426 1746 488 1811 sed
519 1753 727 1834 temperatos
762 1754 797 1812 ct
830 1749 1061 1815 oboedientes.
1128 1748 1220 1825 Quid
1253 1749 1343 1813 enim
1377 1755 1429 1812 est

129 1862 180 1917 fol.
200 1861 266 1916 14V·
285 1854 387 1938 aliud,
417 1855 509 1939 quod
529 1855 693 1922 barbaros
715 1862 811 1921 tanto
833 1857 1042 1922 robustiores
1065 1855 1273 1942 corporibus,
1302 1853 1309 1940 l
1330 1862 1428 1921 tanto

24 2016 37 2056 „
57 1947 184 2046 wid&
211 2041 217 2054 ‚
282 1963 504 2048 patientiores
532 1963 687 2028 laborum
710 1965 916 2030 comminuat
937 1966 1004 2030 nisi
1025 1966 1076 2030 ira
1097 1963 1319 2030 infestissima
1341 1964 1429 2030 sibi?
1514 2042 1517 2047 Ι

34 2067 41 2092 l
73 2038 204 2160 aql⁴
248 2087 266 2139 2
284 2071 498 2136 Gladiatores
522 2094 657 2156 quoque
680 2095 733 2137 ars
755 2079 880 2154 tuetur,
910 2074 962 2138 ira
984 2074 1144 2140 denudat.
1189 2073 1324 2139 Deinde
1348 2073 1429 2158 quid
1443 2103 1469 2140 η

24 2151 135 2263 ,2qu?
283 2202 367 2266 opus
390 2187 442 2245 est
463 2181 522 2266 ira,
547 2203 623 2245 cum
644 2181 737 2245 idem
757 2181 914 2266 proficiat
935 2182 1045 2247 ratio?
1078 2204 1121 2246 an
1142 2187 1181 2246 tu
1202 2188 1303 2268 putas
1325 2203 1429 2248 uena-

281 2295 391 2354 torem
420 2289 521 2354 irasci
549 2287 653 2354 feris?
687 2289 782 2373 atqui
812 2296 847 2354 et
868 2289 1038 2356 uenientis
1062 2290 1188 2375 excipit
1211 2297 1244 2354 et
1264 2288 1429 2375 fugientis

281 2397 512 2484 persequitur,
557 2405 592 2460 et
630 2397 744 2461 omnia
775 2398 835 2462 illa
868 2398 942 2462 sine
974 2399 1026 2464 ira
1057 2396 1141 2462 facit
1173 2398 1270 2463 ratio.
1339 2399 1431 2476 Quid
1480 2413 1485 2426 '

282 2506 495 2571 Cimbrorum
527 2505 827 2589 Teutonorumque
860 2511 914 2570 tot
946 2506 1040 2572 milia
1072 2505 1250 2592 superfusa
1282 2505 1429 2591 Alpibus

280 2615 329 2679 ita
352 2614 498 2697 sustulit,
522 2620 561 2678 ut
582 2619 701 2678 tantae
725 2613 830 2678 cladis
851 2615 1011 2679 notitiam
1033 2615 1077 2679 ad
1099 2635 1178 2680 suos
1200 2635 1271 2679 non
1288 2615 1428 2680 nuntius
1442 2646 1468 2683 a

281 2722 342 2788 sed
368 2720 460 2788 lama
488 2722 676 2808 pertulerit,
709 2721 776 2786 nisi
804 2721 895 2806 quod
924 2729 996 2787 erat
1022 2723 1089 2787 illis
1116 2723 1168 2788 ira
1195 2745 1257 2809 pro
1279 2723 1429 2788 uirtute?

282 2853 379 2915 quae,
413 2836 453 2895 ut
483 2830 664 2914 aliquando
692 2830 845 2916 propulit
866 2831 1055 2915 strauitque
1078 2829 1188 2915 obuia,
1222 2832 1272 2896 ita
1294 2832 1429 2918 saepius

248 2939 349 3004 3sibi
382 2939 485 3004 exitio
521 2946 581 3004 est.
631 2939 815 3022 Germanis
845 2939 927 3024 quid
955 2945 1008 3004 est
1035 2939 1242 3005 animosius?
1278 2939 1359 3024 quid
1387 2940 1430 3004 ad

282 3048 455 3112 incursum
495 3046 628 3112 acrius?
673 3046 754 3131 quid
796 3069 964 3113 armorum
1004 3046 1177 3133 cupidius,
1222 3049 1345 3133 quibus
1378 3049 1429 3113 in-

282 3162 467 3220 nascuntur
494 3155 803 3240 innutriunturque,
838 3178 982 3240 quorum
1004 3155 1104 3220 unica
1125 3156 1193 3221 illis
1217 3179 1296 3221 cura
1319 3163 1371 3222 est
1393 3157 1430 3222 in
1444 3188 1469 3226 a

169 3289 172 3295 ·
283 3263 350 3328 alia
370 3263 655 3349 neglegentibus?
678 3263 760 3348 quid
781 3264 971 3329 induratius
994 3264 1038 3329 ad
1061 3286 1196 3330 omnem
1217 3265 1429 3350 patientiam,

282 3378 321 3436 ut
364 3371 486 3456 quibus
529 3394 654 3456 magna
698 3395 740 3436 ex
778 3379 875 3458 parte
914 3395 984 3438 non
1024 3373 1212 3458 tegimenta
1251 3395 1430 3459 corporum

282 3480 419 3566 prouisa
448 3479 536 3562 sint,
559 3501 628 3545 non
651 3479 796 3566 suffugia
818 3481 981 3546 aduersus
1003 3487 1207 3568 perpetuum
1230 3482 1316 3546 caeli
1337 3481 1428 3568 rigo·

281 3590 379 3654 rem?
417 3588 480 3654 hos
518 3595 633 3653 tamen
666 3589 811 3676 Hispani
845 3571 1002 3673 Gallique
1036 3596 1071 3654 et
1102 3588 1206 3654 Asiae
1240 3589 1429 3675 Syriaeque

281 3697 400 3762 molles
433 3696 524 3760 bello
558 3697 633 3780 uiri,
667 3705 746 3762 ante
780 3720 881 3782 quam
912 3697 1003 3782 legio
1033 3697 1172 3783 uisatur,
1207 3698 1354 3763 caedunt
1384 3698 1428 3763 ob
1443 3731 1469 3768 ao

249 3804 412 3874 4nullam
435 3804 536 3869 aliam
557 3827 630 3870 rem
653 3812 862 3891 opportunos
885 3827 987 3890 quam
1007 3805 1226 3872 iracundiam.
1270 3805 1431 3892 Agedum

284 3912 351 3977 illis
380 3913 588 3998 corporibus,
622 3913 689 3978 illis
718 3914 837 3978 animis
866 3913 1005 3980 delicias
1027 3914 1143 3980 luxum
1165 3937 1247 4001 opes
1269 3915 1429 4002 ignoran-

288 4070 370 4078 ——
377 4073 507 4080 ..ι-...κῇ

281 4153 297 4206 7
316 4151 385 4206 dum
402 4151 524 4208 taxati
600 4153 618 4205 8
635 4151 709 4207 aliut
726 4151 771 4221 ΑΙ,
792 4170 860 4210 corr·
878 4152 915 4209 l·
988 4155 1019 4206 10
1036 4157 1081 4222 lqt
1099 4152 1199 4220 (supro
1217 4171 1233 4222 q
1252 4153 1322 4220 ras.)
1340 4152 1362 4211 l

281 4236 446 4292 necessaria
464 4244 510 4292 est
527 4236 572 4291 ira
587 4236 610 4293 l
628 4245 659 4292 ut
675 4255 733 4306 cq.;
761 4238 805 4293 ira
823 4245 869 4293 est
886 4237 1052 4294 necessaria
1068 4237 1188 4305 Fickert,
1215 4239 1321 4308 Haase,
1347 4241 1431 4294 etiam

281 4321 365 4375 Koch.
446 4322 478 4376 12
496 4322 705 4394 obedientesl
785 4324 817 4378 13
834 4324 908 4378 aliut
925 4322 972 4391 A¹,
991 4340 1059 4378 corr.
1077 4321 1115 4378 l*
1191 4324 1224 4377 14
1243 4322 1430 4379 cominuatd

244 4432 247 4438 '
282 4423 314 4476 17
344 4407 519 4504 etuenientis
546 4422 569 4479 l
681 4431 710 4480 et
741 4426 888 4495 fugientes
921 4426 1066 4494 Grutcrtm
1102 4424 1270 4494 effugientis
1296 4424 1318 4481 l

280 4526 314 4578 21
341 4524 385 4580 ira
407 4525 541 4594 puirtutc
559 4525 593 4594 Α;
620 4543 673 4596 pro
692 4527 804 4584 uirtute
820 4523 866 4584 ¹ira
882 4526 903 4586 L
920 4535 952 4584 ul
969 4529 1079 4584 Fiolrm
1095 4535 1121 4583 et
1139 4528 1236 4584 Haase
1338 4528 1372 4582 25
1398 4527 1430 4582 in

281 4609 339 4664 alia
356 4608 568 4765 Afflisdngq
584 4612 648 4753 ΞΗ,
666 4616 692 4682 4,
709 4617 739 4681 5,·
768 4614 845 4681 epist.
863 4617 904 4680 59,
924 4616 971 4683 11,·
989 4617 1031 4681 68,
1049 4617 1079 4679 7;
1104 4614 1137 4668 de
1155 4620 1239 4669 cenet.
1257 4629 1317 4681 rap.
1335 4614 1381 4678 12,
1398 4615 1427 4668 2.
