3246 5332
415 396 455 438 nn
477 393 665 438 cunensium
687 394 844 438 sternuere
865 397 1015 438 xre-xv.
1221 339 1283 436 ‘43

221 562 301 628 XV.
362 561 516 626 Desinite
553 561 669 645 itaque
709 559 837 628 dicere:
884 559 980 645 „Non
1020 561 1164 648 accipiet
1203 579 1320 648 ergol

124 672 274 758 sapiens
302 671 467 757 iniuriam,
502 671 531 736 ei
557 669 729 755 caedetur,
763 671 792 735 si
815 669 932 736 oculus
954 669 1003 734 illi
1026 673 1183 737 eruetur?
1216 693 1286 738 nen

126 780 285 868 accipiet
307 779 556 865 contumeliam,
590 779 619 846 si
641 779 866 846 obscenorum
888 779 1030 846 uocibus
1051 779 1203 866 inprobis
1225 801 1287 867 per

124 887 250 956 forum
296 891 439 976 agetur?
491 891 520 954 si
564 888 601 954 in
639 889 795 955 conuiuio
833 888 924 974 regis
962 890 1160 954 recumbere
1197 887 1288 956 infra

100 1021 294 1064 emensam
326 999 487 1084 uescique
521 1020 597 1064 cum
630 998 736 1064 seruis
763 997 990 1084 ignominiosa
1018 995 1131 1064 officie
1158 997 1286 1064 sortitis

128 1107 332 1175 iubebitur?
366 1108 395 1173 si
427 1107 509 1192 quid
542 1106 633 1172 aliud
660 1105 749 1172 ferre
779 1113 921 1192 cogetur
949 1128 1080 1192 eorum,
1114 1129 1201 1192 quae
1230 1129 1286 1172 ex-

131 1216 284 1301 cogitari
310 1216 432 1302 pudori
461 1217 611 1302 ingenuo
640 1216 784 1283 molesta
812 1213 998 1302 possunt?“
1043 1215 1085 1280 In
1108 1221 1321 1301 quantum-2

133 1347 284 1410 cumque
302 1325 368 1390 ista
386 1325 442 1390 uel
459 1347 599 1391 numero
616 1325 672 1390 uel
688 1324 922 1411 magnitudine
935 1323 1113 1408 creuerint,
1137 1324 1286 1392 eiusdem

131 1440 281 1500 naturae
316 1440 429 1499 erunt:
464 1434 493 1498 si
525 1455 596 1499 non
627 1440 772 1520 tangent
803 1433 898 1499 illum
929 1455 1049 1521 parua,
1082 1455 1126 1498 ne
1159 1433 1287 1499 maiora

92 1572 118 1608 ιο
134 1541 290 1628 quidem;
325 1543 445 1608 sinon
466 1547 609 1628 tangent
630 1564 748 1628 pauca,
776 1565 821 1609 ne
843 1542 941 1629 plura
963 1541 1107 1627 quidem.
1153 1541 1223 1608 Sed
1245 1564 1287 1608 ex
1372 1553 1375 1558 '

132 1651 371 1717 imbecillitate
398 1657 512 1717 uestra
541 1651 770 1718 coniecturam
793 1651 912 1737 capitis
935 1651 1083 1736 ingentis
1106 1651 1217 1736 animi,
1252 1658 1287 1716 et

135 1783 215 1825 cum
246 1761 431 1846 cogitastis,
465 1767 629 1845 quantum
650 1761 777 1846 putetis
799 1782 862 1825 uos
884 1760 958 1846 pati
979 1781 1089 1846 posse,
1123 1760 1285 1846 sapientis

134 1870 324 1956 patientiae
350 1869 452 1956 paulo
482 1869 678 1934 ulteriorem
699 1869 881 1934 terminum
902 1868 1043 1955 ponitis:
1079 1875 1114 1934 at
1134 1868 1229 1934 illurn
1249 1868 1285 1934 in

137 1978 212 2042 aliis
245 1978 363 2043 mundi
394 1976 518 2042 finibus
552 1999 613 2042 sua
645 1977 753 2043 uirtus
787 1977 969 2044 collocauit
995 1977 1081 2042 nihil
1108 1977 1285 2044 uobiscum

97 2115 123 2151 ιε
138 2109 317 2152 commune
349 2085 542 2152 habentem.
602 2084 731 2161 Quaere
765 2093 800 2150 et
832 2108 953 2172 aspera
986 2093 1021 2152 et
1053 2101 1320 2172 quaecumquess

137 2196 287 2261 toleratu
317 2195 436 2282 grauia
468 2201 547 2260 sunt
581 2194 765 2279 audituque
799 2200 834 2260 et
862 2194 938 2259 uisu
965 2193 1180 2280 refugienda:
1213 2217 1285 2260 non

140 2305 301 2370 obruetur
334 2325 450 2369 eorum
483 2311 584 2370 coetu
618 2309 661 2386 et,
696 2302 804 2388 qualis
832 2302 981 2388 singulis,
1013 2303 1090 2368 telis
1118 2303 1283 2370 uniuersis

140 2413 292 2478 obsistet.
338 2412 403 2489 Qui
425 2412 509 2477 dicit
529 2411 614 2477 illud
635 2411 813 2476 tolerabile
836 2412 990 2498 sapienti,
1019 2411 1103 2476 illud
1123 2412 1282 2478 intolera-

140 2521 217 2606 bile,
240 2527 276 2586 et
298 2521 400 2586 animi
420 2520 688 2606 magnitudinem
709 2521 800 2586 intra
822 2526 933 2586 certos
955 2519 1041 2586 fines
1063 2527 1168 2605 tenet,
1194 2521 1283 2586 mele

102 2657 127 2694 a
142 2623 229 2715 agit:¹
265 2629 373 2694 uincit
403 2651 465 2694 nos
498 2628 644 2714 fortuna,
677 2629 742 2694 nisi
773 2636 848 2695 tota
879 2629 1034 2695 uincitur.
1099 2629 1152 2694 Ne
1183 2635 1319 2715 putes4

131 2732 240 2803 ⁴istam
262 2737 412 2804 Stoicam
442 2760 516 2804 esse
546 2737 714 2824 dmitiam,
747 2738 923 2825 Epicurus,
957 2760 1056 2823 quem
1086 2758 1147 2803 uos
1161 2744 1284 2824 petru-

133 2869 220 2933 'num
249 2847 391 2938 inertiae
419 2853 555 2912 uestrae
584 2847 753 2914 assumitis
780 2847 975 2934 putatisque
997 2845 1112 2912 mollia
1134 2869 1174 2912 ac
1197 2847 1284 2913 desi·

143 2955 235 3020 diosa
267 2956 464 3042 praecipere
493 2961 528 3020 et
549 2955 594 3020 ad
615 2955 810 3042 uoluptates
833 2954 1001 3039 ducentia,
1037 2955 1151 3040 „raro“
1175 2957 1286 3041 inquit

146 3063 306 3148 ⁷,sapienti
343 3062 482 3128 fortuna
514 3063 728 3129 interuenit.“
795 3064 904 3141 Quam
935 3087 1045 3150 paene
1080 3065 1191 3130 emisit
1222 3066 1286 3130 uiri

110 3195 133 3234 u
146 3175 278 3236 uocem!
322 3171 385 3238 Uis
407 3177 445 3236 tu
466 3169 589 3238 fortius
610 3171 704 3257 loqui
726 3178 762 3236 et
781 3171 874 3237 illem
897 3194 938 3237 ex
959 3178 1034 3237 toto
1057 3177 1284 3240 summouere!
1303 3190 1320 3242 5

145 3280 270 3344 Domus
296 3279 382 3345 haec
410 3279 573 3366 sapientis
602 3284 760 3365 angusta,
794 3281 866 3345 sine
895 3281 996 3366 cultu,
1031 3282 1104 3346 sine
1132 3283 1284 3368 strepitu,

147 3387 215 3452 sine
245 3395 418 3474 epparetu,
451 3388 552 3454 nullis
575 3387 774 3454 adseruatur
795 3388 995 3454 ianitoribus
1017 3390 1152 3455 turbam
1173 3390 1286 3456 uenali

147 3494 278 3561 fastidio
313 3496 555 3583 digerentibus,
589 3496 650 3561 sed
682 3518 744 3582 per
775 3494 855 3563 hoc·
873 3497 978 3563 limen
1005 3519 1150 3563 uacuum
1179 3506 1213 3564 et
1242 3499 1284 3564 ab

149 3605 287 3670 ostiariis
320 3605 465 3670 liberum
491 3603 630 3669 fortuna
657 3625 727 3670 non
754 3605 891 3671 transit:
926 3607 990 3671 scit
1017 3628 1086 3672 non
1116 3629 1190 3672 esse
1217 3607 1286 3674 illic

114 3739 136 3775 ³0
149 3713 208 3777 sibi
227 3712 350 3797 locum,
373 3713 432 3778 ubi
455 3713 506 3778 sui
527 3711 614 3777 nihil
637 3719 697 3778 est.

229 3859 233 3868 ι

149 3871 369 3880 ——nn——n—a—

148 3956 164 4008 2
180 3943 327 4024 sustentet
346 3951 426 4008 ΑΗ
531 3943 653 4006 erueret
672 3950 718 4019 ΑΙ,
737 3968 803 4006 corr.
823 3951 860 4008 l*
880 3953 979 4008 lituae
997 3972 1028 4009 re
1042 3955 1197 4022 perforatis

151 4091 181 4145 13
196 4041 283 4160 ailina
301 4088 380 4145 ΑΗ
486 4089 518 4142 15
536 4087 650 4153 Quaere
669 4089 801 4158 Madui93
820 4088 949 4159 quereri
1046 4092 1077 4144 17
1096 4091 1201 4162 cetui

152 4228 181 4281 18
196 4227 259 4281 illut
276 4225 323 4294 ΑΙ,
342 4241 411 4280 corr.
430 4223 466 4280 A’
545 4225 580 4278 20
597 4233 682 4293 putes
700 4223 750 4293 Δις
768 4225 792 4280 l.
811 4225 891 4281 dicas
910 4243 931 4280 e.
949 4243 971 4281 a.
989 4224 1025 4284 ΑΒ
1104 4209 1138 4283 21
1156 4181 1289 4299 painel·

151 4315 227 4378 (errat
242 4311 332 4376 Koch)
434 4311 468 4364 24
494 4308 619 4378 sapienti
641 4309 760 4365 fo1tune
778 4311 812 4379 l;
838 4311 958 4366 fortuna
976 4311 1101 4381 sapienti
1120 4313 1177 4380 clii,
1205 4316 1286 4368 ctiam

153 4449 220 4503 Kocl
246 4455 383 4516 tamquam
409 4463 442 4500 aa
467 4444 488 4502 l
603 4460 676 4515 pene
704 4445 725 4502 Α
835 4447 869 4500 27
896 4407 1069 4517 aleemetur
1094 4441 1172 4504 'lv-⁸

153 4585 183 4638 28
205 4583 378 4653 digerentib3
405 4582 450 4648 Αἱ,
478 4584 516 4637 ad
542 4582 614 4652 quod
634 4583 665 4636 in
681 4599 731 4649 my.
751 4581 802 4638 l‘:
831 4581 855 4636 .i.
875 4565 1054 4654 segregatim
1166 4545 1286 4644 uelit&

154 4670 298 4790 atiostiarjb
317 4719 398 4788 (corr.
416 4718 480 4786 sort.
498 4735 532 4774 m.
551 4719 577 4783 3)
595 4716 617 4776 Α
