3126 5344
224 403 258 464 11

224 595 385 670 quisiuisse
418 593 542 664 :scirem5
577 611 643 648 meo
676 591 750 664 iure,
784 604 817 648 ut
851 593 966 668 opinor,
1000 591 1188 655 confidebam
1219 597 1285 655 lieri
1317 600 1369 656 uix

224 697 369 774 potuisse,
403 707 437 753 ut
464 713 521 770 ego
549 713 696 764 enatem
730 713 747 751 e
775 695 925 752 contrario
947 696 998 770 qui
1020 697 1112 754 talem
1134 719 1266 757 errorem
1288 720 1369 758 oom-

223 801 340 858 mittere
367 798 527 876 potuisset,
561 809 595 854 ut
622 799 653 855 in
681 815 764 854 cons.
787 797 826 855 ad
848 797 944 856 Ilarc.
971 803 998 872 1,
1028 801 1048 857 8
1081 801 1122 877 (p.
1148 803 1219 873 165,
1241 807 1263 860 4
1284 824 1369 861 meae

223 901 363 962 alitionis
387 925 425 946 ¹·
448 921 479 978 p.
504 901 574 973 122,
600 903 639 959 14
661 899 732 958 edit.
755 899 865 970 Koch)
897 901 957 960 duo
978 904 1082 976 uerba,
1115 925 1146 979 q.
1169 925 1194 963 s.
1217 907 1371 974 difficilius

223 1011 378 1074 moratur,
407 1025 425 1062 a
447 1001 551 1062 codice
572 1004 774 1062 Ambrosiano
797 1006 905 1062 abesse
928 1026 1091 1082 eorumque
1112 1027 1168 1065 nec
1191 1007 1291 1066 uolam
1312 1028 1368 1065 nee

224 1109 383 1184 uestigium
416 1125 576 1184 superesse
608 1127 668 1165 nou
701 1107 817 1165 uideret
845 1123 936 1182 atque
963 1110 1089 1187 insuper
1116 1130 1164 1168 me
1190 1112 1370 1169 temeritatis

222 1223 373 1288 argueret,
407 1207 488 1285 quod
520 1209 594 1268 haec
626 1210 720 1268 uerba
753 1229 875 1268 sensum
908 1211 966 1269 loci
998 1213 1130 1289 pm'me
1161 1207 1369 1291 perturbantis

222 1313 358 1374 eiciendo
390 1332 458 1372 esse
490 1311 663 1390 suspicatus
696 1331 805 1388 essem
839 1333 916 1389 quae
949 1309 1084 1392 suspicio
1117 1317 1222 1394 optimi
1255 1315 1369 1373 corlicis

222 1417 393 1478 testimonio
416 1415 656 1488 confirmabatur,
690 1415 764 1491 quid
787 1416 825 1474 de
847 1418 912 1475 eius
934 1419 964 1473 in
987 1418 1190 1495 comparando
1213 1418 1369 1494 diligentia

223 1519 349 1580 iudicari
371 1519 521 1578 debebat?
565 1519 630 1578 Nec
652 1520 752 1596 opinio
773 1540 821 1578 me
844 1519 963 1578 fefellit

308 1621 386 1682 Nam
419 1641 497 1680 anuo
533 1624 624 1696 1882,
658 1642 726 1680 cum
759 1625 888 1681 summi
922 1623 1140 1696 Ministerii,
1174 1625 1256 1701 quod
1288 1624 1370 1702 apud

223 1745 280 1786 nos
317 1745 417 1784 rerum
456 1725 740 1784 ecclesiasticarum·
768 1735 799 1783 et
838 1726 1086 1786 scholasticarum
1118 1727 1370 1786 administrationi

224 1841 354 1907 praeest,
388 1829 508 1904 egregia
529 1827 710 1886 hheralitate
732 1828 863 1902 adiutus,
894 1850 984 1904 quam
1005 1830 1054 1888 hic
1076 1832 1249 1907 gratissimo
1272 1832 1370 1889 animo

225 1951 439 2004 commemoro,
480 1931 539 1989 hoc
578 1933 644 2008 ipso
678 1932 803 1990 consilio
836 1932 1041 1991 Mediolanum
1073 1935 1183 1992 iterum
1214 1933 1371 2011 profectus

225 2055 334 2110 essem,
367 2047 403 2092 ut
428 2033 547 2110 plenam
578 2045 608 2091 et
629 2033 796 2111 perfectam
820 2035 933 2094 codicis
955 2036 1148 2094 Ambrosiani
1171 2037 1370 2095 conlationem

225 2141 255 2198 in
281 2157 369 2198 usum
398 2135 538 2196 editionis
567 2135 754 2212 conficerem,
788 2139 916 2216 primum
942 2139 974 2196 in
1002 2139 1045 2197 eis
1073 2139 1169 2212 libris,
1202 2141 1233 2197 in
1261 2139 1371 2214 quibus

226 2243 284 2301 iam
318 2251 407 2300 autea
439 2239 572 2298 codicem
601 2260 667 2298 cum
695 2241 802 2299 Haasii
829 2241 959 2300 editione
988 2262 1248 2320 comparaueram‚
1282 2243 1371 2318 longe

225 2345 361 2423 plurimis
395 2343 470 2402 locis
498 2363 594 2402 meam
624 2344 822 2402 conlationem
849 2344 1026 2403 Kochianae
1053 2354 1209 2423 praestare
1237 2365 1272 2403 ac
1299 2365 1372 2403 uera

226 2449 379 2508 continere
406 2445 482 2520 uidi;
517 2446 625 2505 deinde
653 2447 683 2505 in
706 2449 816 2505 ceteris
838 2467 957 2522 quoque
978 2448 1065 2506 libris
1086 2449 1198 2506 totiens
1220 2447 1371 2506 Kochium

226 2570 345 2612 errasse
367 2547 575 2622 animaduerti,
599 2559 633 2607 ut
656 2559 686 2607 et
708 2569 764 2626 ego
788 2559 818 2607 et
841 2551 954 2608 amicus
976 2569 1072 2624 meus,
1096 2551 1146 2624 qui
1169 2559 1233 2608 tum
1255 2570 1372 2608 mecum

226 2654 314 2714 sinim
343 2653 373 2710 in
401 2651 584 2710 bibliotheca
613 2652 815 2711 Ambrosiana
841 2654 1030 2724 cremabatur,
1065 2652 1221 2711 Gustauus
1250 2655 1371 2726 Loewa,

227 2777 286 2833 quo
314 2755 403 2816 modo
431 2755 487 2812 hoc
514 2752 579 2813 fieri
607 2755 765 2832 potuisset,
799 2741 888 2814 ualde
911 2757 1087 2816 miraremur
1120 2755 1281 2826 (interdum
1304 2776 1373 2814 cum

227 2861 299 2934 risu,
323 2859 405 2917 uelut
427 2857 465 2915 in·
480 2877 516 2915 eo
537 2857 614 2932 loco,
638 2858 688 2933 qui
711 2879 740 2936 p.
761 2861 873 2933 136f3
896 2859 1066 2938 reperitur).

313 2959 374 3018 Sed
406 2959 475 3017 nolo
510 2959 669 3036 quicquam
702 2963 825 3038 grauius
857 2963 888 3020 in
920 2963 1018 3020 uirum
1051 2965 1201 3021 mortuum
1234 2982 1290 3020 neo
1319 2981 1374 3019 sua

228 3063 316 3124 laude
349 3061 527 3121 destitutum
560 3062 669 3138 dicere,
704 3085 739 3122 eo
772 3065 870 3124 minus
904 3065 994 3141 quod,
1028 3073 1063 3123 ut
1095 3073 1164 3124 ante
1194 3063 1265 3138 dixi,
1300 3065 1373 3136 scio,

229 3175 373 3244 quantum
404 3162 593 3224 difficultatis
626 3166 674 3225 hic
693 3167 793 3226 labor
820 3167 1013 3246 comparandi
1039 3168 1160 3242 habeat,
1194 3167 1374 3245 praesertim

229 3271 255 3330 si
274 3271 417 3347 quianon
435 3267 524 3328 ualde
541 3271 722 3328 exercitatus
745 3270 783 3329 ad
801 3291 868 3330 eum
885 3272 1058 3346 accesserit,
1080 3269 1191 3329 nedum
1208 3271 1375 3329 Iohannem

229 3373 418 3447 Vehiculum,
442 3373 494 3448 qui
516 3372 676 3431 editionem
687 3373 798 3433 Kochii
820 3383 915 3432 morte
937 3375 1136 3451 interruptam
1159 3373 1375 3432 absolueudam

230 3477 357 3550 curauit,
390 3476 530 3534 incusare
557 3495 698 3551 umquam
727 3477 799 3534 mihi
822 3478 853 3535 in
875 3485 1005 3536 mentem
1027 3478 1130 3536 uenire
1152 3477 1265 3554 possit3
1299 3477 1374 3536 haee

229 3588 346 3638 tantum
368 3577 477 3652 dicam,
511 3597 587 3654 quae
609 3578 710 3638 dicere
732 3599 779 3638 me
801 3598 927 3638 necesse
950 3588 1006 3654 est,
1040 3587 1075 3637 ut
1097 3580 1254 3639 consilium
1275 3599 1375 3638 meum

230 3693 291 3741 tam
324 3681 408 3740 breui
432 3681 512 3758 'post
540 3680 690 3740 Kochium
720 3684 775 3741 hos
805 3681 898 3742 libros
928 3684 1036 3742 iterum
1066 3681 1174 3742 edendi
1204 3681 1374 3742 defendam.

230 3783 328 3843 Multa
349 3785 441 3860 igitur
462 3781 599 3843 Kochius
620 3804 680 3842 non
702 3793 785 3844 recte
807 3786 894 3861 legit;
929 3784 1023 3844 multa
1045 3785 1134 3863 plane
1156 3785 1373 3863 praetermisit;

232 3886 324 3946 multa
351 3886 464 3945 rasuris
491 3886 650 3962 literisque
678 3888 839 3970 obscurata
866 3907 922 3946 uec
951 3897 1051 3948 tamen
1079 3889 1132 3963 ita,
1166 3895 1201 3946 ut
1227 3909 1287 3947 nou
1310 3887 1375 3946 dili-

231 3989 350 4066 gentius
381 3987 548 4047 attendenti
570 3990 666 4066 prima
689 3991 840 4068 scriptura
863 3991 953 4049 certis
976 3991 1114 4067 uestigiis
1138 3989 1239 4066 colligi
1260 3999 1375 4068 posset,

231 4093 331 4168 legare
365 4101 417 4150 aut
449 4111 509 4151 non
536 4093 634 4169 potuit
663 4100 714 4152 aut
741 4113 800 4152 non
828 4094 945 4152 curauit
978 4092 1020 4164 (et
1046 4092 1096 4152 hic
1123 4094 1251 4152 maxime
1279 4091 1375 4165 doleo,

232 4193 312 4271 quod
340 4193 436 4252 Italos
459 4193 592 4253 Fickerti
622 4195 791 4254 conlatores
820 4216 850 4272 p.
873 4195 958 4254 XIII
987 4203 1018 4255 et
1044 4193 1155 4255 XXIV
1182 4215 1277 4272 paene
1306 4192 1377 4252 falsi

232 4295 391 4369 insuescit,
425 4295 505 4372 quod
530 4316 562 4356 se
585 4317 621 4356 ea
643 4297 757 4356 uidisse
780 4296 937 4372 dixissent,
961 4319 1037 4374 quae
1060 4297 1179 4357 omnino
1202 4318 1261 4357 non
1285 4318 1376 4374 appa-

118 4418 126 4435 ·
233 4406 347 4472 rereut;
382 4399 471 4458 immo
505 4399 610 4458 horur'n
642 4400 795 4459 hominum
829 4401 1028 4459 conlationem
1055 4401 1086 4458 in
1112 4400 1169 4459 hae
1197 4399 1317 4476 quidem
1344 4419 1377 4457 re

233 4499 391 4560 Kochiana
423 4501 575 4560 meliorem
598 4521 666 4561 esse
689 4501 840 4560 affirmare
862 4521 996 4580 possum,
1031 4503 1169 4578 quamuis
1192 4487 1241 4562 illi
1258 4521 1377 4578 quoque

234 4603 382 4662 interdum
412 4604 604 4678 errauerint);
638 4613 796 4681 praeterea
826 4624 871 4680 ea,
905 4625 982 4681 quae
1011 4604 1048 4663 de
1077 4603 1190 4664 codicis
1219 4604 1377 4683 scripturis

234 4706 344 4781 attulit,
368 4705 544 4784 saepissime
566 4727 601 4765 eo
624 4707 742 4765 nomine
763 4707 901 4766 laborare
923 4707 995 4765 mihi
1017 4706 1168 4782 uidentur,
1192 4706 1272 4784 quod
1288 4705 1378 4766 nimis
