3222 5338
662 1405 695 1478 L.
719 1405 882 1478 ANNAEI
905 1405 1088 1479 SENECAE
1377 1499 1379 1504 Ι

264 1571 291 1650 r<
443 1563 916 1648 DIALOGORVM
962 1567 1176 1648 LIBER·
1221 1568 1305 1650 IX.
1361 1687 1365 1694 ‚

741 1766 795 1820 AD
823 1766 1008 1822 SERENVM

649 1903 688 1956 ot
707 1901 982 1958 temnuntur!
1000 1903 1102 1958 tillim.

798 2079 952 2086 ——.

382 2191 428 2246 De
449 2195 586 2260 peculiari
607 2195 690 2249 buius
713 2195 797 2250 libelli
819 2197 925 2260 forma,
953 2211 1036 2263 quam
1055 2197 1163 2263 primns
1189 2193 1349 2249 Gronouius
1366 2195 1453 2262 plane

295 2281 436 2346 perspexit
453 2280 530 2347 (nom
549 2280 674 2334 Muretus
692 2281 749 2336 iam
762 2287 872 2348 partem
889 2280 947 2334 ueri
965 2281 1097 2349 uiderat),
1124 2281 1281 2345 uideantur,
1310 2295 1379 2347 qnae
1396 2278 1452 2332 dis·

293 2365 396 2431 putaui
416 2363 493 2420 Stud.
513 2365 571 2420 crit.
587 2383 615 2433 p.
629 2368 680 2420 134
697 2382 761 2433 sqq..
780 2368 844 2420 item
862 2383 931 2434 quae
946 2366 984 2420 H.
997 2367 1034 2420 M.
1047 2365 1162 2420 Gemebe
1180 2363 1453 2432 (Obsernatiuacnloe

297 2450 407 2504 criticae
425 2450 483 2516 dc.)
501 2451 533 2504 in
552 2451 692 2518 „Nordisls
712 2453 864 2518 Tidsslorist
880 2453 926 2517 for
943 2451 1094 2520 Ρίηῐοίορίιι
1114 2452 1151 2506 N.
1173 2451 1204 2506 S.
1220 2453 1245 2518 1,
1268 2467 1298 2518 p.
1318 2453 1371 2504 110
1397 2466 1452 2517 sqq.

297 2536 376 2603 Quod
398 2537 497 2607 primo
517 2538 606 2608 capite
633 2538 822 2604 epistulam
848 2537 944 2591 Sereni
970 2539 1007 2591 ad
1030 2536 1160 2592 Senecam
1185 2535 1319 2592 contineri
1341 2535 1454 2604 quidam

293 2629 471 2691 putauerunt,
494 2623 545 2676 boc
562 2639 618 2676 non
635 2640 731 2677 nerino
749 2641 805 2678 esse
822 2624 974 2678 clarissime
991 2623 1137 2678 ostendunt
1152 2625 1238 2678 uerba
1255 2623 1337 2677 initio
1356 2637 1414 2688 cap.
1433 2622 1454 2672 2

293 2707 403 2774 posita:
422 2708 537 2773 Quaero
555 2726 601 2764 me
620 2709 754 2765 hercules
772 2709 831 2763 iem
849 2709 966 2776 dudum,
986 2708 1100 2776 Serene,
1124 2708 1203 2778 ipse
1225 2708 1368 2764 tacitus
1388 2707 1452 2773 διας

297 2795 378 2846 immo
406 2809 439 2846 erc
463 2794 506 2847 bis
530 2802 648 2861 apparet
667 2812 790 2862 praseae
815 2794 932 2849 Senecae
953 2802 979 2849 et
1004 2787 1100 2848 Sereni
1123 2795 1192 2863 rinpi
1214 2795 1389 2862 colloquium,
1416 2792 1455 2845 od

298 2879 368 2944 quod
394 2879 606 2946 sipuiricandum
626 2879 685 2934 cnm
702 2880 814 2934 Hoasio
832 2881 912 2935 initio
931 2896 995 2962 cap..
1010 2882 1026 2934 1
1045 2880 1229 2949 SERENUS,
1256 2879 1338 2934 initio
1356 2894 1415 2945 cap.
1432 2879 1453 2930 2

298 2962 448 3016 SENECA
472 2964 576 3018 addidi.
622 2965 699 3034 Quod
722 2967 748 3019 si
770 2967 810 3020 ita
828 2973 875 3032 est,
902 2967 965 3030 lieri
981 2983 1036 3021 nan
1051 2974 1148 3034 potest,
1177 2965 1452 3034 quininitiocap.1

298 3049 389 3115 alr'quo
408 3050 464 3102 loco
483 3047 600 3104 Senecae
618 3067 713 3104 nomen
730 3052 857 3105 nocotiuo
876 3069 944 3106 casu
961 3054 1153 3118 interpositum
1169 3051 1270 3118 fuerit·
1290 3068 1322 3104 aa
1339 3067 1369 3103 re
1385 3064 1453 3103 nera

298 3133 408 3188 Seneca
431 3135 461 3188 in
485 3135 647 3203 quibusdam
665 3133 686 3192 D
705 3137 777 3190 inter
800 3137 886 3190 uerba
904 3139 1086 3206 apparebant
1103 3145 1129 3192 et
1145 3137 1177 3192 in
1195 3142 1297 3207 aperto
1314 3134 1452 3198 scribimur,

298 3234 379 3286 eoque
401 3220 459 3274 loco
483 3221 600 3276 editores
623 3223 687 3276 inde
710 3239 728 3275 a
748 3221 890 3276 Granouio
914 3238 998 3290 nsque
1023 3225 1060 3277 ad
1076 3223 1218 3278 Haasium
1240 3237 1337 3277 nomen
1355 3235 1450 3275 scrua-

297 3312 403 3373 uerunt,
422 3307 521 3373 quibus
540 3307 640 3375 etipse
659 3309 724 3362 olira
741 3309 936 3376 adstipulabar
953 3309 1029 3374 falso
1038 3309 1164 3364 Ficlrerti
1178 3311 1211 3363 de
1226 3305 1451 3371 codicisAscrip-

297 3397 362 3446 tura
380 3392 482 3446 indicio
501 3393 641 3461 deceptus;
667 3410 741 3448 nunc
758 3397 921 3448 sententiam
942 3396 1117 3462 aliquatenus
1135 3395 1201 3448 mibi
1219 3393 1379 3448 mutandam
1395 3406 1453 3443 esse

298 3477 382 3532 credo.
428 3478 500 3532 Nan
526 3479 575 3532 boc
599 3481 656 3533 loco
681 3478 703 3534 Α
726 3481 839 3534 uerbum
861 3481 996 3547 quoddam
1020 3497 1088 3534 sane
1110 3496 1165 3533 nan
1182 3480 1301 3556 dilucide
1319 3477 1453 3544 scriptum

295 3561 381 3630 babet,
401 3564 473 3630 qnod
490 3569 587 3618 reteta
605 3580 662 3619 esse
675 3565 798 3634 uidetur,-
818 3573 948 3634 quattuor
964 3575 1097 3621 extremae
1113 3566 1218 3621 litterae
1232 3568 1263 3620 in
1276 3580 1379 3619 rasura
1391 3563 1450 3618 no

297 3651 417 3716 scriptae
435 3656 506 3716 sunt,
526 3650 597 3703 duae
614 3667 679 3704 uero
695 3651 802 3718 primae
821 3669 854 3706 en
863 3651 897 3708 Αι
912 3655 1053 3720 scriptura
1068 3659 1227 3719 supersunt;
1247 3667 1313 3705 narn
1326 3648 1452 3718 quamuis

291 3735 388 3802 prima
415 3736 507 3789 littera
533 3754 548 3788 r
575 3752 592 3788 o
618 3751 652 3788 rn.
679 3740 697 3790 5
722 3745 858 3792 renouata
886 3745 911 3790 et
937 3754 969 3791 eu
991 3745 1073 3806 parte
1098 3744 1206 3790 mutata
1231 3751 1288 3790 esse
1311 3735 1448 3798 uideatur,

297 3827 389 3874 tamen
415 3820 539 3875 dubitari
564 3824 614 3875 nia
634 3829 734 3890 potest,
763 3823 829 3890 puin
852 3821 885 3880 Α1
910 3839 1012 3891 quoqne
1034 3823 1084 3877 boc
1102 3825 1157 3878 loco
1175 3842 1190 3876 r
1207 3821 1344 3886 babuerit,
1373 3826 1452 3886 atque

298 3905 445 3968 adfirmare
464 3907 550 3960 audeo
568 3924 663 3961 uerum
681 3924 737 3961 non
755 3925 818 3976 esse,
838 3909 909 3976 quod
922 3907 1070 3962 Fickertus
1088 3916 1113 3962 ct
1129 3917 1192 3976 post
1211 3923 1270 3962 eum
1279 3906 1358 3960 Kocb
1376 3903 1448 3958 oim-

296 3997 367 4056 runt,
395 3989 429 4046 A¹
450 3992 500 4045 boc
523 3993 580 4046 loco
599 4011 612 4046 s
630 3994 765 4048 babuisse.
811 3993 965 4048 Secundam
987 3996 1107 4048 litteram
1126 4011 1141 4048 e
1160 4011 1192 4046 m.
1213 3997 1228 4046 1
1247 3993 1379 4058 scriptam
1396 4003 1450 4042 esse

297 4079 477 4144 consentitur;
504 4078 600 4132 deinde
627 4085 728 4134 certum
754 4087 795 4133 est
820 4078 855 4135 Α1
886 4081 956 4133 duas
984 4080 1089 4134 litteras
1113 4077 1143 4148 je
1169 4080 1309 4145 tribuisse,
1337 4089 1450 4144 anonim

297 4162 414 4228 uestipia
433 4165 502 4216 eatis
521 4170 596 4217 certa
613 4164 644 4217 in
661 4180 765 4218 rasura
785 4167 865 4218 etiam
883 4181 955 4219 nnnc
974 4173 1119 4232 apparent,
1139 4181 1197 4219 cum
1212 4167 1335 4232 reliquae
1346 4162 1450 4230 primae

297 4245 453 4313 scripturae
471 4248 579 4304 litterae
592 4250 678 4316 plane
697 4266 794 4303 erosae
811 4249 875 4304 sint.
913 4249 967 4303 Sed
986 4268 1019 4305 ea
1036 4251 1080 4305 bis
1099 4251 1148 4304 uia
1165 4251 1246 4304 alind
1260 4248 1352 4318 collipi
1363 4251 1451 4315 potest

297 4348 377 4400 quam
401 4331 436 4388 Αι
463 4329 575 4401 rejecta
596 4337 748 4402 scripsisse,
776 4335 872 4389 deinde
895 4334 931 4391 Αὕ
958 4336 1008 4389 boc
1025 4340 1055 4389 in
1072 4341 1185 4390 retecta
1202 4343 1307 4390 mutare
1324 4335 1450 4398 uoluisse,

297 4419 345 4472 seol
366 4417 476 4473 incuria
501 4424 597 4474 reteta
621 4435 759 4474 enarasse.
805 4421 852 4474 Eoo
875 4422 921 4475 illo
944 4439 1009 4475 uero
1033 4420 1145 4491 rejecta
1168 4420 1322 4476 necessario
1339 4423 1452 4474 retecta

295 4502 454 4569 faciendum
472 4521 529 4558 esse
545 4512 620 4573 puto,
643 4522 692 4559 nec
709 4507 766 4560 ullo
783 4507 862 4559 modo
880 4508 941 4559 ueri
957 4508 1044 4561 simile
1062 4515 1103 4562 cst
1118 4507 1275 4562 reocatinum
1293 4505 1405 4560 Seneca
1422 4502 1452 4556 in

296 4587 409 4657 rejecta
432 4590 585 4658 depraecari
604 4594 743 4660 potuisse,-
770 4592 819 4645 sed
843 4607 902 4645 curn
918 4592 963 4646 bic
980 4593 1135 4659 nccatiuas,
1162 4591 1278 4659 uldini,
1305 4591 1452 4658 aegerrime

196 4665 198 4671 Α
297 4674 472 4743 desideretur,
500 4675 611 4730 Seneca
634 4683 697 4730 ante
719 4682 832 4731 retecta
850 4677 883 4730 de
900 4677 1055 4731 coniectura
1074 4677 1228 4732 addendum
1246 4692 1347 4730 censeo.
1393 4672 1452 4727 (ire-

296 4759 414 4814 dcndum
429 4767 470 4814 est
481 4761 531 4815 boc
545 4762 657 4827 uerbum
672 4764 729 4816 iam
744 4763 779 4816 ab
794 4762 939 4830 arenenpo
955 4762 1057 4816 codicis
1071 4762 1093 4818 A
1108 4769 1305 4830 ceterorumque
1321 4759 1450 4826 codicem,
