<?xml version="1.0" encoding="UTF-8"?>
<!DOCTYPE html PUBLIC "-//W3C//DTD XHTML 1.0 Transitional//EN"
    "http://www.w3.org/TR/xhtml1/DTD/xhtml1-transitional.dtd">
<html xmlns="http://www.w3.org/1999/xhtml" xml:lang="en" lang="en">
 <head>
  <title>
</title>
<meta http-equiv="Content-Type" content="text/html;charset=utf-8" />
  <meta name='ocr-system' content='tesseract 3.04.00' />
  <meta name='ocr-capabilities' content='ocr_page ocr_carea ocr_par ocr_line ocrx_word'/>
</head>
<body>
  <div class='ocr_page' id='page_1' title='image "./lannaeisenecaed00ambrgoog_0031.png"; bbox 0 0 3144 5344; ppageno 0'>
   <div class='ocr_carea' id='block_1_1' title="bbox 556 559 1248 624">
    <p class='ocr_par' dir='ltr' id='par_1_1' title="bbox 556 559 1248 624">
     <span class='ocr_line' id='line_1_1' title="bbox 556 559 1248 624; baseline -0.013 1"><span class='ocrx_word' id='word_1_1' title='bbox 556 559 631 624; x_wconf 67' lang='lat' dir='ltr'>Iun*</span> <span class='ocrx_word' id='word_1_2' title='bbox 655 563 744 623; x_wconf 80' lang='lat' dir='ltr'>card.</span> <span class='ocrx_word' id='word_1_3' title='bbox 767 563 906 622; x_wconf 85' lang='lat' dir='ltr'>Fedorici</span> <span class='ocrx_word' id='word_1_4' title='bbox 928 561 1124 622; x_wconf 85' lang='lat' dir='ltr'>Borrhomaei</span> <span class='ocrx_word' id='word_1_5' title='bbox 1147 591 1185 604; x_wconf 88' lang='lat'><em>-</em></span> <span class='ocrx_word' id='word_1_6' title='bbox 1200 569 1248 602; x_wconf 81' lang='grc'>’-</span> 
     </span>
    </p>
   </div>
   <div class='ocr_carea' id='block_1_2' title="bbox 351 667 1416 847">
    <p class='ocr_par' dir='ltr' id='par_1_2' title="bbox 351 667 1416 847">
     <span class='ocr_line' id='line_1_2' title="bbox 744 667 937 726; baseline 0 0"><span class='ocrx_word' id='word_1_7' title='bbox 744 687 821 726; x_wconf 89' lang='lat' dir='ltr'>anno</span> <span class='ocrx_word' id='word_1_8' title='bbox 846 667 937 726; x_wconf 84' lang='lat'>1603.</span> 
     </span>
     <span class='ocr_line' id='line_1_3' title="bbox 351 768 1416 847; baseline -0.006 -14"><span class='ocrx_word' id='word_1_9' title='bbox 351 773 425 833; x_wconf 88' lang='lat' dir='ltr'>Veri</span> <span class='ocrx_word' id='word_1_10' title='bbox 452 772 550 831; x_wconf 88' lang='lat' dir='ltr'>simile</span> <span class='ocrx_word' id='word_1_11' title='bbox 576 770 671 847; x_wconf 89' lang='lat' dir='ltr'>igitur</span> <span class='ocrx_word' id='word_1_12' title='bbox 699 778 747 830; x_wconf 90' lang='lat' dir='ltr'>est</span> <span class='ocrx_word' id='word_1_13' title='bbox 775 769 965 829; x_wconf 68' lang='lat' dir='ltr'>cardinalem</span> <span class='ocrx_word' id='word_1_14' title='bbox 992 768 1172 828; x_wconf 83' lang='lat' dir='ltr'>Fodericum</span> <span class='ocrx_word' id='word_1_15' title='bbox 1198 769 1416 828; x_wconf 87' lang='lat' dir='ltr'>Borromaeum</span> 
     </span>
    </p>
   </div>
   <div class='ocr_carea' id='block_1_3' title="bbox 266 868 1415 952">
    <p class='ocr_par' dir='ltr' id='par_1_3' title="bbox 266 868 1415 952">
     <span class='ocr_line' id='line_1_4' title="bbox 266 868 1415 952; baseline -0.005 -16"><span class='ocrx_word' id='word_1_16' title='bbox 266 878 345 936; x_wconf 93' lang='lat' dir='ltr'>hunc</span> <span class='ocrx_word' id='word_1_17' title='bbox 383 876 493 935; x_wconf 87' lang='lat' dir='ltr'>librum</span> <span class='ocrx_word' id='word_1_18' title='bbox 533 895 550 933; x_wconf 89' lang='lat' dir='ltr'>a</span> <span class='ocrx_word' id='word_1_19' title='bbox 588 873 819 952; x_wconf 79' lang='lat' dir='ltr'>possessoribus</span> <span class='ocrx_word' id='word_1_20' title='bbox 858 879 948 931; x_wconf 86' lang='lat' dir='ltr'>antea</span> <span class='ocrx_word' id='word_1_21' title='bbox 985 868 1181 945; x_wconf 83' lang='lat' dir='ltr'>nomiuatis*)</span> <span class='ocrx_word' id='word_1_22' title='bbox 1220 892 1298 931; x_wconf 92' lang='lat' dir='ltr'>anno</span> <span class='ocrx_word' id='word_1_23' title='bbox 1334 873 1415 931; x_wconf 88' lang='lat'>1603</span> 
     </span>
    </p>
   </div>
   <div class='ocr_carea' id='block_1_4' title="bbox 181 967 1146 1040">
    <p class='ocr_par' dir='ltr' id='par_1_4' title="bbox 181 967 1146 1040">
     <span class='ocr_line' id='line_1_5' title="bbox 181 967 1146 1040; baseline -0.008 0"><span class='ocrx_word' id='word_1_24' title='bbox 181 967 183 973; x_wconf 41' lang='lat'>⁵</span> <span class='ocrx_word' id='word_1_25' title='bbox 268 981 378 1040; x_wconf 87' lang='lat' dir='ltr'>emisse</span> <span class='ocrx_word' id='word_1_26' title='bbox 401 985 432 1037; x_wconf 90' lang='lat' dir='ltr'>et</span> <span class='ocrx_word' id='word_1_27' title='bbox 454 978 485 1037; x_wconf 92' lang='lat' dir='ltr'>in</span> <span class='ocrx_word' id='word_1_28' title='bbox 507 977 721 1036; x_wconf 80' lang='lat' dir='ltr'>bibliothecam</span> <span class='ocrx_word' id='word_1_29' title='bbox 743 975 976 1034; x_wconf 77' lang='lat' dir='ltr'>Ambrosianum</span> <span class='ocrx_word' id='word_1_30' title='bbox 997 974 1146 1034; x_wconf 89' lang='lat' dir='ltr'>intulisse.</span> 
     </span>
    </p>
   </div>
   <div class='ocr_carea' id='block_1_5' title="bbox 208 1066 1417 1882">
    <p class='ocr_par' dir='ltr' id='par_1_5' title="bbox 208 1066 1417 1882">
     <span class='ocr_line' id='line_1_6' title="bbox 349 1066 1415 1159; baseline -0.004 -17"><span class='ocrx_word' id='word_1_31' title='bbox 349 1083 417 1142; x_wconf 87' lang='lat' dir='ltr'>Iam</span> <span class='ocrx_word' id='word_1_32' title='bbox 445 1066 484 1141; x_wconf 89' lang='lat' dir='ltr'>ad</span> <span class='ocrx_word' id='word_1_33' title='bbox 511 1080 611 1159; x_wconf 86' lang='lat' dir='ltr'>ipsum</span> <span class='ocrx_word' id='word_1_34' title='bbox 640 1077 774 1138; x_wconf 83' lang='lat' dir='ltr'><strong>codicem</strong></span> <span class='ocrx_word' id='word_1_35' title='bbox 802 1079 900 1153; x_wconf 87' lang='lat' dir='ltr'>uenio,</span> <span class='ocrx_word' id='word_1_36' title='bbox 933 1079 966 1137; x_wconf 91' lang='lat' dir='ltr'>in</span> <span class='ocrx_word' id='word_1_37' title='bbox 993 1077 1079 1137; x_wconf 87' lang='lat' dir='ltr'>cuius</span> <span class='ocrx_word' id='word_1_38' title='bbox 1107 1077 1179 1137; x_wconf 76' lang='lat' dir='ltr'>folio</span> <span class='ocrx_word' id='word_1_39' title='bbox 1207 1078 1303 1156; x_wconf 90' lang='lat' dir='ltr'>primo</span> <span class='ocrx_word' id='word_1_40' title='bbox 1331 1085 1415 1144; x_wconf 87' lang='lat' dir='ltr'>recto</span> 
     </span>
     <span class='ocr_line' id='line_1_7' title="bbox 263 1180 1416 1261; baseline -0.005 -15"><span class='ocrx_word' id='word_1_41' title='bbox 263 1206 401 1247; x_wconf 87' lang='lat' dir='ltr'>rasuram</span> <span class='ocrx_word' id='word_1_42' title='bbox 424 1183 598 1261; x_wconf 89' lang='lat' dir='ltr'>quindecim</span> <span class='ocrx_word' id='word_1_43' title='bbox 620 1201 765 1241; x_wconf 89' lang='lat' dir='ltr'>uersuum</span> <span class='ocrx_word' id='word_1_44' title='bbox 786 1181 968 1260; x_wconf 87' lang='lat' dir='ltr'>reporimus;</span> <span class='ocrx_word' id='word_1_45' title='bbox 1003 1180 1059 1240; x_wconf 89' lang='lat' dir='ltr'>sed</span> <span class='ocrx_word' id='word_1_46' title='bbox 1082 1201 1158 1257; x_wconf 85' lang='lat' dir='ltr'>quae</span> <span class='ocrx_word' id='word_1_47' title='bbox 1180 1182 1229 1241; x_wconf 86' lang='lat' dir='ltr'>bic</span> <span class='ocrx_word' id='word_1_48' title='bbox 1251 1203 1351 1256; x_wconf 88' lang='lat' dir='ltr'>manu,</span> <span class='ocrx_word' id='word_1_49' title='bbox 1384 1182 1416 1240; x_wconf 89' lang='lat' dir='ltr'>ni</span> 
     </span>
     <span class='ocr_line' id='line_1_8' title="bbox 208 1283 1417 1364; baseline -0.005 -14"><span class='ocrx_word' id='word_1_50' title='bbox 208 1298 209 1302; x_wconf 77' lang='grc'>’</span> <span class='ocrx_word' id='word_1_51' title='bbox 264 1291 392 1350; x_wconf 88' lang='lat' dir='ltr'>multum</span> <span class='ocrx_word' id='word_1_52' title='bbox 424 1288 528 1362; x_wconf 83' lang='lat' dir='ltr'>fallor,</span> <span class='ocrx_word' id='word_1_53' title='bbox 572 1284 782 1345; x_wconf 83' lang='lat' dir='ltr'>recentissima</span> <span class='ocrx_word' id='word_1_54' title='bbox 815 1285 930 1364; x_wconf 88' lang='lat' dir='ltr'>scripta</span> <span class='ocrx_word' id='word_1_55' title='bbox 962 1285 1099 1360; x_wconf 82' lang='lat' dir='ltr'>fuerunt,</span> <span class='ocrx_word' id='word_1_56' title='bbox 1145 1283 1282 1344; x_wconf 85' lang='lat' dir='ltr'>funditus</span> <span class='ocrx_word' id='word_1_57' title='bbox 1316 1286 1417 1346; x_wconf 84' lang='lat' dir='ltr'>deleta</span> 
     </span>
     <span class='ocr_line' id='line_1_9' title="bbox 266 1387 1415 1466; baseline -0.006 -13"><span class='ocrx_word' id='word_1_58' title='bbox 266 1401 347 1453; x_wconf 84' lang='lat' dir='ltr'>sunt.</span> <span class='ocrx_word' id='word_1_59' title='bbox 402 1391 496 1451; x_wconf 90' lang='lat' dir='ltr'>Paulo</span> <span class='ocrx_word' id='word_1_60' title='bbox 530 1388 657 1450; x_wconf 86' lang='lat' dir='ltr'>inferius</span> <span class='ocrx_word' id='word_1_61' title='bbox 690 1387 808 1463; x_wconf 63' lang='lat' dir='ltr'>litteris</span> <span class='ocrx_word' id='word_1_62' title='bbox 842 1395 926 1466; x_wconf 80' lang='lat' dir='ltr'>puto,</span> <span class='ocrx_word' id='word_1_63' title='bbox 961 1389 1088 1450; x_wconf 82' lang='lat' dir='ltr'>Graecis</span> <span class='ocrx_word' id='word_1_64' title='bbox 1122 1388 1236 1466; x_wconf 87' lang='lat' dir='ltr'>scripta</span> <span class='ocrx_word' id='word_1_65' title='bbox 1270 1395 1317 1448; x_wconf 86' lang='lat' dir='ltr'>est</span> <span class='ocrx_word' id='word_1_66' title='bbox 1346 1409 1415 1464; x_wconf 89' lang='lat' dir='ltr'>uox,</span> 
     </span>
     <span class='ocr_line' id='line_1_10' title="bbox 267 1491 1415 1572; baseline -0.005 -17"><span class='ocrx_word' id='word_1_67' title='bbox 267 1517 356 1572; x_wconf 86' lang='lat' dir='ltr'>quam</span> <span class='ocrx_word' id='word_1_68' title='bbox 378 1515 433 1554; x_wconf 91' lang='lat' dir='ltr'>nec</span> <span class='ocrx_word' id='word_1_69' title='bbox 457 1493 538 1572; x_wconf 84' lang='lat' dir='ltr'>typis</span> <span class='ocrx_word' id='word_1_70' title='bbox 560 1491 689 1551; x_wconf 85' lang='lat' dir='ltr'>reddere</span> <span class='ocrx_word' id='word_1_71' title='bbox 711 1509 836 1568; x_wconf 84' lang='lat' dir='ltr'>possum</span> <span class='ocrx_word' id='word_1_72' title='bbox 857 1512 914 1551; x_wconf 89' lang='lat' dir='ltr'>noc</span> <span class='ocrx_word' id='word_1_73' title='bbox 936 1492 1088 1568; x_wconf 86' lang='lat' dir='ltr'>intellego.</span> <span class='ocrx_word' id='word_1_74' title='bbox 1133 1492 1172 1552; x_wconf 91' lang='lat' dir='ltr'>In</span> <span class='ocrx_word' id='word_1_75' title='bbox 1195 1491 1330 1553; x_wconf 87' lang='lat' dir='ltr'>eiusdem</span> <span class='ocrx_word' id='word_1_76' title='bbox 1351 1491 1415 1551; x_wconf 81' lang='lat' dir='ltr'>folii</span> 
     </span>
     <span class='ocr_line' id='line_1_11' title="bbox 266 1593 1416 1677; baseline -0.005 -19"><span class='ocrx_word' id='word_1_77' title='bbox 266 1599 378 1677; x_wconf 83' lang='lat' dir='ltr'>pagina</span> <span class='ocrx_word' id='word_1_78' title='bbox 400 1596 533 1656; x_wconf 86' lang='lat' dir='ltr'>secunda</span> <span class='ocrx_word' id='word_1_79' title='bbox 554 1595 664 1656; x_wconf 88' lang='lat' dir='ltr'>litteris</span> <span class='ocrx_word' id='word_1_80' title='bbox 687 1594 856 1654; x_wconf 70' lang='lat' dir='ltr'>uncialibus</span> <span class='ocrx_word' id='word_1_81' title='bbox 878 1594 968 1654; x_wconf 89' lang='lat' dir='ltr'>ualde</span> <span class='ocrx_word' id='word_1_82' title='bbox 990 1594 1094 1654; x_wconf 87' lang='lat' dir='ltr'>nitidis</span> <span class='ocrx_word' id='word_1_83' title='bbox 1117 1602 1148 1654; x_wconf 85' lang='lat' dir='ltr'>at</span> <span class='ocrx_word' id='word_1_84' title='bbox 1169 1593 1260 1653; x_wconf 92' lang='lat' dir='ltr'>minio</span> <span class='ocrx_word' id='word_1_85' title='bbox 1277 1594 1416 1653; x_wconf 80' lang='lat' dir='ltr'>&#39;exaratis</span> 
     </span>
     <span class='ocr_line' id='line_1_12' title="bbox 266 1694 1417 1774; baseline -0.004 -14"><span class='ocrx_word' id='word_1_86' title='bbox 266 1701 357 1760; x_wconf 88' lang='lat' dir='ltr'>index</span> <span class='ocrx_word' id='word_1_87' title='bbox 380 1720 482 1760; x_wconf 91' lang='lat' dir='ltr'>eorum</span> <span class='ocrx_word' id='word_1_88' title='bbox 503 1700 648 1759; x_wconf 86' lang='lat' dir='ltr'>librorum</span> <span class='ocrx_word' id='word_1_89' title='bbox 670 1698 814 1771; x_wconf 79' lang='lat' dir='ltr'>Senecae,</span> <span class='ocrx_word' id='word_1_90' title='bbox 849 1717 925 1773; x_wconf 87' lang='lat' dir='ltr'>quos</span> <span class='ocrx_word' id='word_1_91' title='bbox 948 1698 1043 1757; x_wconf 85' lang='lat' dir='ltr'>codex</span> <span class='ocrx_word' id='word_1_92' title='bbox 1066 1697 1200 1757; x_wconf 87' lang='lat' dir='ltr'>continet</span> <span class='ocrx_word' id='word_1_93' title='bbox 1233 1694 1294 1772; x_wconf 91' lang='lat' dir='ltr'>(uel</span> <span class='ocrx_word' id='word_1_94' title='bbox 1315 1697 1417 1774; x_wconf 89' lang='lat' dir='ltr'>potius</span> 
     </span>
     <span class='ocr_line' id='line_1_13' title="bbox 269 1796 1313 1882; baseline -0.006 -18"><span class='ocrx_word' id='word_1_95' title='bbox 269 1805 450 1882; x_wconf 87' lang='lat' dir='ltr'>archetypus</span> <span class='ocrx_word' id='word_1_96' title='bbox 473 1802 539 1863; x_wconf 87' lang='lat' dir='ltr'>eins</span> <span class='ocrx_word' id='word_1_97' title='bbox 561 1796 773 1876; x_wconf 80' lang='lat' dir='ltr'>continuerat),</span> <span class='ocrx_word' id='word_1_98' title='bbox 797 1802 842 1860; x_wconf 86' lang='lat' dir='ltr'>sic</span> <span class='ocrx_word' id='word_1_99' title='bbox 864 1801 996 1879; x_wconf 83' lang='lat' dir='ltr'>scriptus</span> <span class='ocrx_word' id='word_1_100' title='bbox 1019 1807 1067 1860; x_wconf 88' lang='lat' dir='ltr'>est</span> <span class='ocrx_word' id='word_1_101' title='bbox 1089 1821 1179 1860; x_wconf 85' lang='lat' dir='ltr'>manu</span> <span class='ocrx_word' id='word_1_102' title='bbox 1201 1801 1313 1877; x_wconf 89' lang='lat' dir='ltr'>prima:</span> 
     </span>
    </p>
   </div>
   <div class='ocr_carea' id='block_1_6' title="bbox 514 1989 906 2051">
    <p class='ocr_par' dir='ltr' id='par_1_6' title="bbox 514 1989 906 2051">
     <span class='ocr_line' id='line_1_14' title="bbox 514 1989 906 2051; baseline -0.003 0"><span class='ocrx_word' id='word_1_103' title='bbox 514 1993 550 2051; x_wconf 91' lang='lat' dir='ltr'>L.</span> <span class='ocrx_word' id='word_1_104' title='bbox 574 1990 709 2050; x_wconf 89' lang='lat' dir='ltr'><strong>ANNEI</strong></span> <span class='ocrx_word' id='word_1_105' title='bbox 732 1989 906 2050; x_wconf 71' lang='lat' dir='ltr'>SENECA</span> 
     </span>
    </p>
   </div>
   <div class='ocr_carea' id='block_1_7' title="bbox 400 2103 1053 2189">
    <p class='ocr_par' dir='ltr' id='par_1_7' title="bbox 400 2103 1053 2189">
     <span class='ocr_line' id='line_1_15' title="bbox 400 2103 1053 2189; baseline -0.005 -1"><span class='ocrx_word' id='word_1_106' title='bbox 400 2127 686 2189; x_wconf 74' lang='lat' dir='ltr'>annosorum</span> <span class='ocrx_word' id='word_1_107' title='bbox 708 2128 829 2187; x_wconf 81' lang='lat' dir='ltr'>nrum</span> <span class='ocrx_word' id='word_1_108' title='bbox 851 2103 953 2187; x_wconf 68' lang='lat' dir='ltr'>uin.</span> <span class='ocrx_word' id='word_1_109' title='bbox 976 2127 1053 2186; x_wconf 79' lang='lat' dir='ltr'>nn.</span> 
     </span>
    </p>
   </div>
   <div class='ocr_carea' id='block_1_8' title="bbox 268 2229 1416 2384">
    <p class='ocr_par' dir='ltr' id='par_1_8' title="bbox 268 2217 1416 2384">
     <span class='ocr_line' id='line_1_16' title="bbox 268 2229 1182 2323; baseline -0.007 -30"><span class='ocrx_word' id='word_1_110' title='bbox 268 2235 316 2294; x_wconf 90' lang='lat' dir='ltr'>IN</span> <span class='ocrx_word' id='word_1_111' title='bbox 337 2232 484 2292; x_wconf 83' lang='lat' dir='ltr'><strong>PRIMIS</strong></span> <span class='ocrx_word' id='word_1_112' title='bbox 507 2232 565 2290; x_wconf 90' lang='lat' dir='ltr'>AD</span> <span class='ocrx_word' id='word_1_113' title='bbox 588 2229 799 2323; x_wconf 69' lang='lat' dir='ltr'><strong>LUCILIVM</strong></span> <span class='ocrx_word' id='word_1_114' title='bbox 822 2276 829 2288; x_wconf 89' lang='lat'><strong>.</strong></span> <span class='ocrx_word' id='word_1_115' title='bbox 854 2229 996 2300; x_wconf 78' lang='lat' dir='ltr'><strong>QVA-RE</strong></span> <span class='ocrx_word' id='word_1_116' title='bbox 1019 2229 1182 2300; x_wconf 76' lang='lat' dir='ltr'><strong>ALIQVA</strong></span> 
     </span>
     <span class='ocr_line' id='line_1_17' title="bbox 269 2325 1416 2384; baseline -0.005 0"><span class='ocrx_word' id='word_1_117' title='bbox 269 2328 504 2384; x_wconf 81' lang='lat' dir='ltr'><strong>INGOMMODA</strong></span> <span class='ocrx_word' id='word_1_118' title='bbox 513 2327 628 2381; x_wconf 89' lang='lat' dir='ltr'>BONIS</span> <span class='ocrx_word' id='word_1_119' title='bbox 639 2327 746 2382; x_wconf 89' lang='lat' dir='ltr'><strong>UIRIS</strong></span> <span class='ocrx_word' id='word_1_120' title='bbox 757 2325 967 2380; x_wconf 72' lang='lat' dir='ltr'><strong>ACGIDANT.</strong></span> <span class='ocrx_word' id='word_1_121' title='bbox 974 2325 1057 2380; x_wconf 83' lang='lat' dir='ltr'>CUM</span> <span class='ocrx_word' id='word_1_122' title='bbox 1067 2325 1339 2381; x_wconf 74' lang='lat' dir='ltr'>PROUIDENTIA</span> <span class='ocrx_word' id='word_1_123' title='bbox 1348 2325 1416 2380; x_wconf 80' lang='lat' dir='ltr'><strong>SIT.</strong></span> 
     </span>
    </p>
   </div>
   <div class='ocr_carea' id='block_1_9' title="bbox 268 2417 1419 3525">
    <p class='ocr_par' dir='ltr' id='par_1_9' title="bbox 268 2417 1021 2484">
     <span class='ocr_line' id='line_1_18' title="bbox 268 2417 1021 2484; baseline -0.008 -1"><span class='ocrx_word' id='word_1_124' title='bbox 268 2426 326 2484; x_wconf 91' lang='lat' dir='ltr'>AD</span> <span class='ocrx_word' id='word_1_125' title='bbox 350 2422 552 2482; x_wconf 88' lang='lat' dir='ltr'>SERENUM</span> <span class='ocrx_word' id='word_1_126' title='bbox 575 2465 581 2478; x_wconf 89' lang='lat'><strong>.</strong></span> <span class='ocrx_word' id='word_1_127' title='bbox 605 2420 689 2480; x_wconf 79' lang='lat' dir='ltr'>NEC</span> <span class='ocrx_word' id='word_1_128' title='bbox 710 2419 916 2484; x_wconf 86' lang='lat' dir='ltr'><strong>INIVRIAM</strong></span> <span class='ocrx_word' id='word_1_129' title='bbox 937 2417 1021 2478; x_wconf 79' lang='lat' dir='ltr'>NEC</span> 
     </span>
    </p>

    <p class='ocr_par' dir='ltr' id='par_1_10' title="bbox 270 2521 1211 2587">
     <span class='ocr_line' id='line_1_19' title="bbox 270 2521 1211 2587; baseline -0.009 1"><span class='ocrx_word' id='word_1_130' title='bbox 270 2527 352 2587; x_wconf 83' lang='lat' dir='ltr'>OON</span> <span class='ocrx_word' id='word_1_131' title='bbox 375 2526 429 2586; x_wconf 79' lang='lat' dir='ltr'>TV</span> <span class='ocrx_word' id='word_1_132' title='bbox 451 2523 621 2584; x_wconf 90' lang='lat' dir='ltr'><strong>MELIAM</strong></span> <span class='ocrx_word' id='word_1_133' title='bbox 642 2521 852 2582; x_wconf 83' lang='lat' dir='ltr'>AOOIPERE</span> <span class='ocrx_word' id='word_1_134' title='bbox 876 2521 1117 2581; x_wconf 81' lang='lat' dir='ltr'>SAPIENTEM</span> <span class='ocrx_word' id='word_1_135' title='bbox 1141 2566 1147 2578; x_wconf 88' lang='lat'><strong>.</strong></span> <span class='ocrx_word' id='word_1_136' title='bbox 1173 2567 1178 2579; x_wconf 94' lang='lat'>.</span> <span class='ocrx_word' id='word_1_137' title='bbox 1205 2568 1211 2580; x_wconf 94' lang='lat'><strong>.</strong></span> 
     </span>
    </p>

    <p class='ocr_par' dir='ltr' id='par_1_11' title="bbox 269 2624 961 2694">
     <span class='ocr_line' id='line_1_20' title="bbox 269 2624 961 2694; baseline -0.01 -5"><span class='ocrx_word' id='word_1_138' title='bbox 269 2631 327 2689; x_wconf 89' lang='lat' dir='ltr'>AD</span> <span class='ocrx_word' id='word_1_139' title='bbox 350 2627 556 2690; x_wconf 72' lang='lat' dir='ltr'><strong>NOUATUM</strong></span> <span class='ocrx_word' id='word_1_140' title='bbox 578 2626 635 2685; x_wconf 88' lang='lat' dir='ltr'>DE</span> <span class='ocrx_word' id='word_1_141' title='bbox 658 2625 734 2694; x_wconf 97' lang='lat' dir='ltr'>IRA</span> <span class='ocrx_word' id='word_1_142' title='bbox 756 2624 877 2684; x_wconf 81' lang='lat' dir='ltr'><strong>LIBRI</strong></span> <span class='ocrx_word' id='word_1_143' title='bbox 899 2624 961 2684; x_wconf 91' lang='lat' dir='ltr'>HI.</span> 
     </span>
    </p>

    <p class='ocr_par' dir='ltr' id='par_1_12' title="bbox 269 2727 857 2792">
     <span class='ocr_line' id='line_1_21' title="bbox 269 2727 857 2792; baseline -0.012 0"><span class='ocrx_word' id='word_1_144' title='bbox 269 2734 329 2792; x_wconf 91' lang='lat' dir='ltr'>AD</span> <span class='ocrx_word' id='word_1_145' title='bbox 395 2732 428 2790; x_wconf 90' lang='lat' dir='ltr'>M</span> <span class='ocrx_word' id='word_1_146' title='bbox 470 2731 500 2790; x_wconf 94' lang='lat' dir='ltr'><strong>A</strong></span> <span class='ocrx_word' id='word_1_147' title='bbox 542 2730 572 2788; x_wconf 88' lang='lat' dir='ltr'><strong>R</strong></span> <span class='ocrx_word' id='word_1_148' title='bbox 616 2728 640 2788; x_wconf 82' lang='lat'>0</span> <span class='ocrx_word' id='word_1_149' title='bbox 682 2729 700 2787; x_wconf 95' lang='lat' dir='ltr'><strong>I</strong></span> <span class='ocrx_word' id='word_1_150' title='bbox 743 2727 772 2786; x_wconf 88' lang='lat' dir='ltr'><strong>A</strong></span> <span class='ocrx_word' id='word_1_151' title='bbox 815 2728 857 2786; x_wconf 91' lang='lat' dir='ltr'>M.</span> 
     </span>
    </p>

    <p class='ocr_par' dir='ltr' id='par_1_13' title="bbox 270 2829 980 2894">
     <span class='ocr_line' id='line_1_22' title="bbox 270 2829 980 2894; baseline -0.008 0"><span class='ocrx_word' id='word_1_152' title='bbox 270 2836 328 2894; x_wconf 93' lang='lat' dir='ltr'>AD</span> <span class='ocrx_word' id='word_1_153' title='bbox 353 2832 604 2894; x_wconf 85' lang='lat' dir='ltr'><strong>GALLIONEM</strong></span> <span class='ocrx_word' id='word_1_154' title='bbox 626 2831 683 2890; x_wconf 93' lang='lat' dir='ltr'>DE</span> <span class='ocrx_word' id='word_1_155' title='bbox 705 2830 809 2891; x_wconf 83' lang='lat' dir='ltr'><strong>UITA</strong></span> <span class='ocrx_word' id='word_1_156' title='bbox 830 2829 980 2888; x_wconf 82' lang='lat' dir='ltr'><strong>BEATA.</strong></span> 
     </span>
    </p>

    <p class='ocr_par' dir='ltr' id='par_1_14' title="bbox 270 2926 880 3014">
     <span class='ocr_line' id='line_1_23' title="bbox 270 2926 880 3014; baseline -0.016 1"><span class='ocrx_word' id='word_1_157' title='bbox 270 2926 880 3014; x_wconf 68' lang='lat' dir='ltr'>ADttttttttttttttnnor10·**)</span> 
     </span>
    </p>

    <p class='ocr_par' dir='ltr' id='par_1_15' title="bbox 270 3035 1186 3107">
     <span class='ocr_line' id='line_1_24' title="bbox 270 3035 1186 3107; baseline -0.004 -9"><span class='ocrx_word' id='word_1_158' title='bbox 270 3040 329 3098; x_wconf 91' lang='lat' dir='ltr'>AD</span> <span class='ocrx_word' id='word_1_159' title='bbox 353 3038 553 3098; x_wconf 86' lang='lat' dir='ltr'>SERENVM</span> <span class='ocrx_word' id='word_1_160' title='bbox 574 3037 632 3095; x_wconf 89' lang='lat' dir='ltr'>DE</span> <span class='ocrx_word' id='word_1_161' title='bbox 654 3035 1027 3107; x_wconf 75' lang='lat' dir='ltr'><strong>TRANQUILLI&#39;I&#39;ATE</strong></span> <span class='ocrx_word' id='word_1_162' title='bbox 1050 3035 1186 3095; x_wconf 88' lang='lat' dir='ltr'><strong>ANIMI.</strong></span> 
     </span>
    </p>

    <p class='ocr_par' dir='ltr' id='par_1_16' title="bbox 268 3138 1088 3202">
     <span class='ocr_line' id='line_1_25' title="bbox 268 3138 1088 3202; baseline -0.006 0"><span class='ocrx_word' id='word_1_163' title='bbox 268 3143 326 3202; x_wconf 89' lang='lat' dir='ltr'>AD</span> <span class='ocrx_word' id='word_1_164' title='bbox 348 3141 571 3201; x_wconf 88' lang='lat' dir='ltr'><strong>PAULINUM</strong></span> <span class='ocrx_word' id='word_1_165' title='bbox 635 3140 692 3198; x_wconf 88' lang='lat' dir='ltr'>DE</span> <span class='ocrx_word' id='word_1_166' title='bbox 715 3139 956 3199; x_wconf 80' lang='lat' dir='ltr'><strong>BREUITATE</strong></span> <span class='ocrx_word' id='word_1_167' title='bbox 979 3138 1088 3198; x_wconf 85' lang='lat' dir='ltr'><strong>VITE.</strong></span> 
     </span>
    </p>

    <p class='ocr_par' dir='ltr' id='par_1_17' title="bbox 270 3242 921 3312">
     <span class='ocr_line' id='line_1_26' title="bbox 270 3242 921 3312; baseline -0.006 -8"><span class='ocrx_word' id='word_1_168' title='bbox 270 3245 328 3304; x_wconf 90' lang='lat' dir='ltr'>AD</span> <span class='ocrx_word' id='word_1_169' title='bbox 393 3245 419 3304; x_wconf 94' lang='lat' dir='ltr'>P</span> <span class='ocrx_word' id='word_1_170' title='bbox 463 3243 488 3304; x_wconf 92' lang='lat'>0</span> <span class='ocrx_word' id='word_1_171' title='bbox 532 3244 559 3303; x_wconf 87' lang='lat' dir='ltr'>L</span> <span class='ocrx_word' id='word_1_172' title='bbox 602 3242 632 3300; x_wconf 91' lang='lat' dir='ltr'>Y</span> <span class='ocrx_word' id='word_1_173' title='bbox 675 3244 702 3302; x_wconf 92' lang='lat' dir='ltr'><strong>B</strong></span> <span class='ocrx_word' id='word_1_174' title='bbox 746 3242 764 3301; x_wconf 95' lang='lat' dir='ltr'><strong>I</strong></span> <span class='ocrx_word' id='word_1_175' title='bbox 807 3242 836 3312; x_wconf 85' lang='lat' dir='ltr'>U</span> <span class='ocrx_word' id='word_1_176' title='bbox 879 3243 921 3300; x_wconf 91' lang='lat' dir='ltr'>M.</span> 
     </span>
    </p>

    <p class='ocr_par' dir='ltr' id='par_1_18' title="bbox 268 3344 1419 3525">
     <span class='ocr_line' id='line_1_27' title="bbox 268 3344 1372 3406; baseline -0.003 0"><span class='ocrx_word' id='word_1_177' title='bbox 268 3348 327 3406; x_wconf 89' lang='lat' dir='ltr'>AD</span> <span class='ocrx_word' id='word_1_178' title='bbox 392 3345 841 3406; x_wconf 87' lang='lat' dir='ltr'><strong>HELBIAM</strong></span> <span class='ocrx_word' id='word_1_179' title='bbox 916 3344 1372 3404; x_wconf 73' lang='lat' dir='ltr'>Mannum·</span> 
     </span>
     <span class='ocr_line' id='line_1_28' title="bbox 355 3446 1419 3525; baseline 0 -17"><span class='ocrx_word' id='word_1_180' title='bbox 355 3450 418 3508; x_wconf 86' lang='lat' dir='ltr'>Sub</span> <span class='ocrx_word' id='word_1_181' title='bbox 441 3449 489 3508; x_wconf 86' lang='lat' dir='ltr'>his</span> <span class='ocrx_word' id='word_1_182' title='bbox 511 3448 615 3508; x_wconf 86' lang='lat' dir='ltr'>addita</span> <span class='ocrx_word' id='word_1_183' title='bbox 637 3455 708 3508; x_wconf 92' lang='lat' dir='ltr'>sunt</span> <span class='ocrx_word' id='word_1_184' title='bbox 729 3449 804 3508; x_wconf 88' lang='lat' dir='ltr'>haec</span> <span class='ocrx_word' id='word_1_185' title='bbox 825 3448 951 3507; x_wconf 89' lang='lat' dir='ltr'>Antonii</span> <span class='ocrx_word' id='word_1_186' title='bbox 974 3446 1096 3525; x_wconf 82' lang='lat' dir='ltr'>Olgiati,</span> <span class='ocrx_word' id='word_1_187' title='bbox 1119 3459 1153 3506; x_wconf 94' lang='lat' dir='ltr'>ut</span> <span class='ocrx_word' id='word_1_188' title='bbox 1175 3448 1305 3522; x_wconf 81' lang='lat' dir='ltr'>uidetur,</span> <span class='ocrx_word' id='word_1_189' title='bbox 1327 3467 1419 3508; x_wconf 87' lang='lat' dir='ltr'>manu</span> 
     </span>
    </p>
   </div>
   <div class='ocr_carea' id='block_1_10' title="bbox 270 3552 1419 4006">
    <p class='ocr_par' dir='ltr' id='par_1_19' title="bbox 270 3552 729 3630">
     <span class='ocr_line' id='line_1_29' title="bbox 270 3552 729 3630; baseline -0.004 -19"><span class='ocrx_word' id='word_1_190' title='bbox 270 3558 438 3612; x_wconf 88' lang='lat' dir='ltr'>atramento</span> <span class='ocrx_word' id='word_1_191' title='bbox 460 3552 578 3629; x_wconf 80' lang='lat' dir='ltr'>qugari</span> <span class='ocrx_word' id='word_1_192' title='bbox 600 3552 729 3630; x_wconf 86' lang='lat' dir='ltr'>scripta:</span> 
     </span>
    </p>

    <p class='ocr_par' dir='ltr' id='par_1_20' title="bbox 355 3647 871 3716">
     <span class='ocr_line' id='line_1_30' title="bbox 355 3647 871 3716; baseline 0 -14"><span class='ocrx_word' id='word_1_193' title='bbox 355 3647 494 3703; x_wconf 86' lang='lat' dir='ltr'>Eiusdem</span> <span class='ocrx_word' id='word_1_194' title='bbox 512 3647 644 3716; x_wconf 71' lang='lat' dir='ltr'>epistolae</span> <span class='ocrx_word' id='word_1_195' title='bbox 662 3648 699 3702; x_wconf 88' lang='lat' dir='ltr'>ad</span> <span class='ocrx_word' id='word_1_196' title='bbox 718 3648 750 3702; x_wconf 87' lang='grc' dir='ltr'>Β.</span> <span class='ocrx_word' id='word_1_197' title='bbox 768 3647 871 3702; x_wconf 76' lang='lat' dir='ltr'>Paulfi.</span> 
     </span>
    </p>

    <p class='ocr_par' dir='ltr' id='par_1_21' title="bbox 357 3733 701 3804">
     <span class='ocr_line' id='line_1_31' title="bbox 357 3733 701 3804; baseline -0.003 -16"><span class='ocrx_word' id='word_1_198' title='bbox 357 3733 495 3789; x_wconf 87' lang='lat' dir='ltr'>Eiusdem</span> <span class='ocrx_word' id='word_1_199' title='bbox 513 3733 701 3804; x_wconf 82' lang='lat' dir='ltr'>epitaphium.</span> 
     </span>
    </p>

    <p class='ocr_par' dir='ltr' id='par_1_22' title="bbox 271 3825 1419 4006">
     <span class='ocr_line' id='line_1_32' title="bbox 356 3825 1419 3904; baseline 0 -20"><span class='ocrx_word' id='word_1_200' title='bbox 356 3825 529 3903; x_wconf 81' lang='lat' dir='ltr'>Sequuntur</span> <span class='ocrx_word' id='word_1_201' title='bbox 557 3825 666 3885; x_wconf 91' lang='lat' dir='ltr'>deinde</span> <span class='ocrx_word' id='word_1_202' title='bbox 694 3826 726 3884; x_wconf 83' lang='lat' dir='ltr'>in</span> <span class='ocrx_word' id='word_1_203' title='bbox 753 3827 814 3886; x_wconf 91' lang='lat' dir='ltr'>ima</span> <span class='ocrx_word' id='word_1_204' title='bbox 840 3827 951 3904; x_wconf 82' lang='lat' dir='ltr'>pagiua</span> <span class='ocrx_word' id='word_1_205' title='bbox 977 3828 1054 3887; x_wconf 90' lang='lat' dir='ltr'>haec</span> <span class='ocrx_word' id='word_1_206' title='bbox 1081 3846 1187 3886; x_wconf 86' lang='lat' dir='ltr'>rursus</span> <span class='ocrx_word' id='word_1_207' title='bbox 1209 3845 1299 3884; x_wconf 91' lang='lat' dir='ltr'>manu</span> <span class='ocrx_word' id='word_1_208' title='bbox 1321 3825 1419 3904; x_wconf 88' lang='lat' dir='ltr'>prima</span> 
     </span>
     <span class='ocr_line' id='line_1_33' title="bbox 271 3929 652 4006; baseline -0.005 -18"><span class='ocrx_word' id='word_1_209' title='bbox 271 3929 380 3988; x_wconf 87' lang='lat' dir='ltr'>litteris</span> <span class='ocrx_word' id='word_1_210' title='bbox 402 3930 502 3989; x_wconf 84' lang='lat' dir='ltr'>rubris</span> <span class='ocrx_word' id='word_1_211' title='bbox 524 3929 652 4006; x_wconf 87' lang='lat' dir='ltr'>scripta:</span> 
     </span>
    </p>
   </div>
   <div class='ocr_carea' id='block_1_11' title="bbox 339 4001 1346 4179">
    <p class='ocr_par' dir='ltr' id='par_1_23' title="bbox 339 4001 1346 4179">
     <span class='ocr_line' id='line_1_34' title="bbox 339 4001 1346 4094; baseline -0.001 -15"><span class='ocrx_word' id='word_1_212' title='bbox 339 4024 448 4093; x_wconf 89' lang='lat' dir='ltr'>Incipit</span> <span class='ocrx_word' id='word_1_213' title='bbox 465 4024 503 4079; x_wconf 89' lang='lat' dir='ltr'>ad</span> <span class='ocrx_word' id='word_1_214' title='bbox 520 4024 673 4090; x_wconf 68' lang='lat' dir='ltr'>lucilium!</span> <span class='ocrx_word' id='word_1_215' title='bbox 724 4024 789 4090; x_wconf 80' lang='lat' dir='ltr'>Qua</span> <span class='ocrx_word' id='word_1_216' title='bbox 806 4043 837 4080; x_wconf 87' lang='lat' dir='ltr'>re</span> <span class='ocrx_word' id='word_1_217' title='bbox 856 4025 954 4094; x_wconf 87' lang='lat' dir='ltr'>aliqua</span> <span class='ocrx_word' id='word_1_218' title='bbox 971 4024 1154 4080; x_wconf 88' lang='lat' dir='ltr'>incommoda</span> <span class='ocrx_word' id='word_1_219' title='bbox 1171 4001 1255 4078; x_wconf 84' lang='lat' dir='ltr'>bonis</span> <span class='ocrx_word' id='word_1_220' title='bbox 1274 4024 1346 4078; x_wconf 87' lang='lat' dir='ltr'>uiris</span> 
     </span>
     <span class='ocr_line' id='line_1_35' title="bbox 483 4109 1103 4179; baseline 0 -15"><span class='ocrx_word' id='word_1_221' title='bbox 483 4129 518 4165; x_wconf 92' lang='lat' dir='ltr'>ac</span> <span class='ocrx_word' id='word_1_222' title='bbox 536 4110 563 4166; x_wconf 91' lang='lat' dir='ltr'>ci</span> <span class='ocrx_word' id='word_1_223' title='bbox 581 4110 653 4165; x_wconf 88' lang='lat' dir='ltr'>dant</span> <span class='ocrx_word' id='word_1_224' title='bbox 726 4129 792 4164; x_wconf 91' lang='lat' dir='ltr'>cum</span> <span class='ocrx_word' id='word_1_225' title='bbox 810 4127 863 4179; x_wconf 87' lang='lat' dir='ltr'>pro</span> <span class='ocrx_word' id='word_1_226' title='bbox 881 4110 912 4164; x_wconf 92' lang='lat' dir='ltr'>ui</span> <span class='ocrx_word' id='word_1_227' title='bbox 930 4109 986 4165; x_wconf 89' lang='lat' dir='ltr'>den</span> <span class='ocrx_word' id='word_1_228' title='bbox 1004 4110 1039 4178; x_wconf 74' lang='lat' dir='ltr'>ba</span> <span class='ocrx_word' id='word_1_229' title='bbox 1057 4111 1103 4165; x_wconf 89' lang='lat' dir='ltr'>sit.</span> 
     </span>
    </p>
   </div>
   <div class='ocr_carea' id='block_1_12' title="bbox 293 4332 1419 4562">
    <p class='ocr_par' dir='ltr' id='par_1_24' title="bbox 293 4332 1419 4562">
     <span class='ocr_line' id='line_1_36' title="bbox 293 4332 1419 4402; baseline -0.002 -14"><span class='ocrx_word' id='word_1_230' title='bbox 293 4334 322 4402; x_wconf 49' lang='grc' dir='ltr'>Ψ)</span> <span class='ocrx_word' id='word_1_231' title='bbox 341 4334 443 4390; x_wconf 86' lang='lat' dir='ltr'>Obiter</span> <span class='ocrx_word' id='word_1_232' title='bbox 465 4351 567 4388; x_wconf 89' lang='lat' dir='ltr'>moneo</span> <span class='ocrx_word' id='word_1_233' title='bbox 590 4351 643 4388; x_wconf 91' lang='lat' dir='ltr'>nos</span> <span class='ocrx_word' id='word_1_234' title='bbox 667 4333 809 4402; x_wconf 87' lang='lat' dir='ltr'>pictorem</span> <span class='ocrx_word' id='word_1_235' title='bbox 828 4333 972 4402; x_wconf 89' lang='lat' dir='ltr'>quendam</span> <span class='ocrx_word' id='word_1_236' title='bbox 990 4333 1216 4402; x_wconf 86' lang='lat' dir='ltr'>Neapolitanum</span> <span class='ocrx_word' id='word_1_237' title='bbox 1235 4333 1314 4388; x_wconf 88' lang='lat' dir='ltr'>circa</span> <span class='ocrx_word' id='word_1_238' title='bbox 1332 4332 1419 4387; x_wconf 91' lang='lat' dir='ltr'>initia</span> 
     </span>
     <span class='ocr_line' id='line_1_37' title="bbox 340 4418 1417 4486; baseline -0.004 -10"><span class='ocrx_word' id='word_1_239' title='bbox 340 4439 414 4476; x_wconf 88' lang='lat' dir='ltr'>saec.</span> <span class='ocrx_word' id='word_1_240' title='bbox 430 4419 516 4475; x_wconf 89' lang='lat' dir='ltr'><strong>XVII</strong></span> <span class='ocrx_word' id='word_1_241' title='bbox 534 4418 684 4474; x_wconf 88' lang='lat' dir='ltr'>uiuentem</span> <span class='ocrx_word' id='word_1_242' title='bbox 701 4419 827 4486; x_wconf 84' lang='lat' dir='ltr'>nouisse,</span> <span class='ocrx_word' id='word_1_243' title='bbox 846 4420 893 4474; x_wconf 89' lang='lat' dir='ltr'>cui</span> <span class='ocrx_word' id='word_1_244' title='bbox 910 4439 1016 4475; x_wconf 88' lang='lat' dir='ltr'>nomen</span> <span class='ocrx_word' id='word_1_245' title='bbox 1030 4418 1417 4475; x_wconf 82' lang='lat' dir='ltr'>GiambattistaGaracciolo</span> 
     </span>
     <span class='ocr_line' id='line_1_38' title="bbox 341 4512 412 4562; baseline -0.028 0"><span class='ocrx_word' id='word_1_246' title='bbox 341 4512 412 4562; x_wconf 85' lang='lat' dir='ltr'>erat.</span> 
     </span>
    </p>
   </div>
   <div class='ocr_carea' id='block_1_13' title="bbox 274 4589 1265 4660">
    <p class='ocr_par' dir='ltr' id='par_1_25' title="bbox 274 4589 1265 4660">
     <span class='ocr_line' id='line_1_39' title="bbox 274 4589 1265 4660; baseline -0.001 -13"><span class='ocrx_word' id='word_1_247' title='bbox 274 4589 323 4660; x_wconf 63' lang='lat' dir='ltr'>“i</span> <span class='ocrx_word' id='word_1_248' title='bbox 340 4593 375 4648; x_wconf 89' lang='lat' dir='ltr'>In</span> <span class='ocrx_word' id='word_1_249' title='bbox 393 4610 502 4658; x_wconf 80' lang='lat' dir='ltr'>rasura,</span> <span class='ocrx_word' id='word_1_250' title='bbox 521 4607 608 4660; x_wconf 87' lang='lat' dir='ltr'>quam</span> <span class='ocrx_word' id='word_1_251' title='bbox 626 4591 749 4660; x_wconf 70' lang='lat' dir='ltr'>signaui,</span> <span class='ocrx_word' id='word_1_252' title='bbox 768 4597 880 4646; x_wconf 88' lang='lat' dir='ltr'>certum</span> <span class='ocrx_word' id='word_1_253' title='bbox 898 4597 944 4647; x_wconf 91' lang='lat' dir='ltr'>est</span> <span class='ocrx_word' id='word_1_254' title='bbox 960 4590 1052 4647; x_wconf 84' lang='lat' dir='ltr'>fuisse</span> <span class='ocrx_word' id='word_1_255' title='bbox 1070 4589 1265 4646; x_wconf 83' lang='lat' dir='ltr'>SERENUM.</span> 
     </span>
    </p>
   </div>
   <div class='ocr_carea' id='block_1_14' title="bbox 0 0 1587 5344">
    <p class='ocr_par' dir='ltr' id='par_1_26' title="bbox 0 0 1587 5344">
     <span class='ocr_line' id='line_1_40' title="bbox 0 0 1587 5344; baseline 0 0"><span class='ocrx_word' id='word_1_256' title='bbox 0 0 1587 5344; x_wconf 95' lang='lat' dir='ltr'> </span> 
     </span>
    </p>
   </div>
  </div>
 </body>
</html>
