3222 5338
314 425 378 488 224
536 449 565 488 n.
588 449 707 489 mnam
727 449 864 488 emersu
884 449 1085 489 annosonvu
1106 448 1167 488 um.
1189 447 1243 487 vn.

313 634 440 696 genera
466 612 652 697 uoluptatis
680 635 787 697 praua
815 634 834 676 a
862 636 899 676 se
927 613 1035 678 multa
1056 635 1250 698 suggerere,
1283 612 1320 676 in
1341 613 1457 698 primis

312 720 527 785 insolentiam
548 729 585 785 et
605 721 743 786 nimiam
766 722 1037 786 aestimationem
1058 722 1111 786 sui
1132 729 1366 805 tumoremque
1389 722 1456 786 ela-

312 837 385 893 tum
414 853 517 916 super
546 835 677 894 ceteros
707 836 743 892 et
771 852 919 894 amorem
947 853 1060 894 rerum
1089 853 1226 894 suarum
1255 853 1394 894 caecum
1422 839 1457 893 et

311 938 539 1023 inprouidum,
573 937 712 1002 delicias
739 936 875 1002 fluentis
904 945 939 1002 et
967 962 1008 1003 ex
1035 940 1183 1004 minimis
1211 963 1251 1004 ac
1272 939 1456 1025 puenlibus

312 1048 423 1111 causis
445 1046 716 1130 exsultationem,
737 1047 806 1112 iam
828 1047 1043 1112 dicacitatem
1064 1071 1104 1112 ac
1126 1049 1319 1134 superbiam
1338 1054 1481 1112 contu-⁵

311 1155 422 1219 meliis
443 1157 660 1240 gaudentem,
684 1156 849 1220 desidiam
871 1156 1196 1241 dissolutionemque
1218 1158 1331 1242 segnis
1355 1157 1456 1220 animi

277 1272 343 1328 set
361 1261 600 1328 indormientis
622 1265 710 1330 sibi?
753 1265 850 1329 Haec
872 1266 986 1329 omnia
1007 1266 1115 1330 uirtus
1133 1265 1273 1330 discutit
1290 1272 1325 1329 et
1342 1287 1456 1329 aurem

310 1372 468 1457 peruellit
491 1381 526 1437 et
546 1372 742 1459 uoluptates
765 1374 922 1438 aestimat
955 1381 1034 1438 ante
1058 1397 1160 1458 quam
1181 1374 1348 1457 admittat,
1382 1396 1453 1457 nec,

311 1503 395 1564 quas
421 1481 590 1566 probauit,
623 1481 739 1566 magni
766 1483 886 1567 pendit
913 1488 1045 1566 totoque
1069 1484 1177 1548 animo
1200 1482 1359 1566 admittit,
1391 1504 1478 1566 nec,

309 1611 373 1652 usu
395 1611 510 1653 earnm
531 1590 592 1654 sed
613 1591 840 1676 temperantia
860 1593 953 1655 laeta
975 1598 1035 1656 est.
1081 1591 1321 1677 Temperantia
1343 1598 1491 1654 antemio

311 1719 387 1760 cum
409 1686 603 1783 uoluptates
624 1699 764 1783 minuat,
799 1700 921 1764 summi
942 1700 1025 1764 boni
1048 1701 1120 1781 (tna)
1142 1699 1266 1764 iniuria
1288 1705 1348 1763 est.
1403 1699 1453 1762 'ln

310 1806 521 1891 uoluptatem
567 1808 819 1894 complecteris,
864 1831 929 1893 ego
974 1830 1159 1894 conpesco;
1203 1815 1242 1872 tn
1278 1808 1452 1892 uoluptate

309 1912 440 1998 frueris,
464 1937 527 2000 ego
550 1931 641 1999 utor,
664 1923 704 1980 tu
723 1916 816 1980 illam
837 1939 1004 1981 summum
1024 1916 1154 1980 bonum
1174 1923 1283 2000 putas,
1307 1938 1372 2001 ego
1390 1938 1452 1979 nec

308 2021 450 2106 bonum,
473 2029 513 2087 tu
536 2025 648 2088 omnia
668 2025 854 2109 uoluptatis
877 2048 980 2089 causa
1001 2023 1096 2108 facis,
1119 2047 1183 2109 ego
1205 2024 1301 2088 nihil.

277 2135 291 2186 1
393 2132 457 2196 XI.
508 2133 592 2197 Cum
625 2134 700 2198 dico
734 2156 795 2197 me
828 2134 913 2197 nihil
945 2133 1133 2218 uoluptatis
1166 2155 1277 2215 causa,
1318 2131 1362 2195 de
1393 2132 1449 2195 illo
1465 2158 1489 2193 a

307 2238 429 2324 loquor
450 2241 614 2326 sapiente,
648 2244 702 2306 cui
724 2242 789 2308 soli
810 2241 970 2306 concedis
992 2241 1213 2327 uoluptatem.
1268 2241 1347 2305 Non
1367 2263 1449 2305 uoco

309 2355 423 2413 autem
455 2350 653 2436 sapientem,
686 2373 789 2437 supra
821 2373 923 2434 quem
948 2350 1129 2434 quicquam
1151 2357 1211 2433 est,
1245 2349 1371 2414 nedum
1392 2371 1448 2414 uo·

307 2458 436 2542 luptas:
471 2461 564 2543 atqui
597 2459 641 2524 ab
673 2459 738 2524 hac
771 2466 957 2544 occupatus
991 2458 1161 2541 quomodo
1188 2459 1325 2522 resistet
1346 2458 1450 2523 labori

309 2709 323 2760 1
341 2726 408 2762 ase
426 2711 528 2775 scripsi
545 2709 623 2764 Sena.
642 2711 701 2764 crit.
719 2713 737 2764 1.
755 2711 772 2764 l.
790 2709 860 2776 (sibi
877 2711 947 2763 coni.
965 2709 1087 2776 Haase);
1114 2708 1167 2763 sed
1184 2707 1214 2777 1,
1241 2710 1311 2776 quod
1329 2711 1355 2762 ei
1369 2711 1449 2763 inter·

303 2795 442 2861 potationi
459 2810 554 2847 ansam
572 2796 655 2861 dedit,
673 2813 727 2863 praa
744 2811 797 2862 ny..
814 2796 881 2860 fort.
899 2811 933 2848 ea
950 2795 1115 2862 qndnsdam
1131 2792 1163 2858 D,
1180 2813 1238 2848 non
1256 2800 1372 2848 tantum
1389 2801 1449 2848 ann

307 2896 414 2946 genera
432 2880 590 2934 addebatur.
693 2881 711 2932 2
733 2879 957 2935 estimationid
1058 2880 1278 2934 5dicacitatem
1295 2880 1348 2948 l¹;
1375 2879 1449 2932 dica-

307 2964 414 3018 citates
439 2965 475 3021 A⁵
564 2967 581 3018 6
599 2966 783 3034 gaudentii
801 2966 829 3034 (e
845 2969 876 3020 in
893 2983 950 3019 ras.
967 2983 1002 3018 m.
1021 2968 1050 3032 1,·
1070 2974 1151 3019 antea
1169 2965 1179 3017 i
1196 2967 1285 3030 fnisse
1301 2965 1371 3032 nid.)

307 3049 445 3103 desidiam
461 3051 498 3105 1Ω
519 3051 578 3118 (am
595 3055 626 3105 in
643 3069 700 3106 ras.
717 3054 836 3118 maiora·
853 3052 911 3105 nid.
928 3052 1016 3116 faisse
1034 3069 1052 3105 a
1069 3068 1104 3105 m.
1122 3053 1152 3103 1.·
1169 3050 1263 3104 desidi
1280 3050 1359 3115 iam).

307 3133 582 3204 dissolutionemq5*
607 3137 689 3202 (aas.
707 3138 756 3203 ue)
774 3138 810 3192 l⁵
903 3137 992 3190 animi
1010 3143 1041 3190 et
1057 3135 1260 3190 indormientis
1278 3137 1379 3202 scripsi
1398 3137 1448 3203 (ap.

305 3221 365 3274 sine
391 3221 446 3287 et);
473 3221 563 3275 animi
594 3222 782 3276 *dormientis
799 3224 853 3289 ll¹;
880 3239 948 3290 quae
973 3223 1045 3298 inter
1069 3223 1135 3275 taec
1157 3223 1212 3274 dno
1233 3222 1317 3274 cerba
1338 3222 1451 3285 famant

305 3307 419 3373 litterae,
436 3308 477 3361 ita
494 3324 590 3364 erasae
606 3316 678 3375 nant,
696 3316 727 3362 nt
745 3310 902 3362 menbrana
914 3309 1087 3372 scinderetur,
1104 3307 1226 3374 ninilque
1242 3307 1320 3360 atad
1337 3313 1450 3372 apparet

305 3392 362 3446 nisi
379 3401 446 3460 post
462 3393 551 3448 animi
569 3395 688 3448 litteram
705 3400 836 3462 spanaio
853 3400 978 3447 notatam
994 3393 1096 3460 fnisse·
1123 3395 1153 3445 in
1169 3409 1220 3460 my.
1239 3408 1338 3444 manns
1356 3392 1448 3458 aliqua

305 3479 439 3533 recentior
455 3479 659 3534 indormientis
677 3479 833 3546 adscripsit.
901 3476 1093 3533 8estimatl=
1161 3478 1268 3545 9quas
1286 3494 1367 3530 nonn-
1385 3473 1406 3532 D
1423 3483 1449 3530 et

304 3581 363 3631 aa,
381 3565 496 3633 quasill
547 3565 648 3634 pendit
665 3571 760 3634 totoq;
778 3565 874 3618 animo
889 3564 1019 3618 admittit
1032 3563 1148 3642 scripsi,
1162 3562 1264 3631 pendit
1277 3563 1354 3631 utiq;
1373 3561 1447 3616 enim

305 3649 342 3702 ad
364 3650 457 3703 mittit
478 3651 508 3717 1,
534 3651 606 3719 prod
625 3652 729 3716 faismn
749 3667 808 3704 esse
831 3651 950 3704 ostendit
967 3650 1090 3716 Madnip,
1117 3648 1161 3701 cai
1182 3649 1291 3712 fnestra
1307 3647 1386 3701 Korn
1403 3647 1445 3700 ob-

304 3737 408 3790 iocnna
434 3744 487 3800 est;
518 3736 619 3804 pendit
646 3741 698 3790 aut
723 3735 824 3804 utique
851 3735 940 3789 etiam
965 3733 1095 3788 admittit
1120 3734 1189 3787 cani.
1218 3733 1347 3801 Madniq,
1379 3731 1447 3800 qaid

301 3837 402 3886 param
419 3829 515 3888 aptum
532 3838 590 3876 esse
607 3838 667 3875 cam
684 3821 788 3875 Kortia
806 3822 943 3874 comendo
961 3821 1006 3887 (de
1022 3827 1085 3874 toto
1103 3819 1199 3874 animo
1217 3818 1267 3882 cfr.
1284 3835 1311 3872 n.
1329 3835 1352 3872 a.
1370 3818 1445 3884 epist.

304 3908 329 3972 3,
347 3909 383 3972 2,·
405 3909 447 3972 95,
463 3910 482 3960 5
487 3929 496 3973 ,·
520 3923 591 3962 cons.
609 3908 647 3961 ad
665 3907 752 3961 Marc.
771 3909 798 3973 2,
815 3909 847 3973 4,·
872 3907 905 3960 de
922 3907 993 3960 tren
1012 3909 1063 3960 nit.
1083 3908 1125 3971 14,
1143 3907 1176 3971 2,
1202 3905 1251 3968 cfr.
1270 3906 1352 3958 etiam
1368 3901 1446 3967 infra
1463 3961 1466 3968 ¹

305 4007 363 4056 cap.
381 3994 426 4058 21,
444 3995 475 4044 4:
492 3992 523 4046 in
540 3993 668 4046 animum
686 3992 809 4060 recipit).
914 3993 946 4044 10
964 3992 1063 4046 letall
1155 3992 1187 4043 11
1205 3988 1249 4042 tui
1268 3988 1365 4042 addidi
1382 3987 1445 4053 (cfr.

303 4092 331 4129 n.
349 4093 371 4128 c.
390 4079 464 4143 epist.
483 4081 524 4146 66,
542 4081 587 4143 39;
615 4081 660 4145 92,
677 4080 720 4145 7),·
746 4095 830 4146 nepte
847 4078 917 4134 enim
936 4094 968 4130 ea
986 4077 1103 4131 Senecae
1119 4083 1212 4141 mente,
1234 4075 1282 4128 sed
1299 4090 1333 4127 ec
1350 4074 1444 4126 adner-

303 4164 374 4214 sarii
389 4161 532 4232 Epicurei,
558 4165 688 4231 uoluptas
710 4180 843 4216 summam
863 4165 962 4216 bonnm
984 4170 1031 4229 est,
1058 4179 1107 4216 nec
1124 4162 1183 4215 sine
1199 4163 1249 4214 too
1265 4161 1347 4214 nerto
1365 4165 1444 4226 aptas

304 4246 342 4298 ad
359 4251 497 4313 sequentia
514 4252 648 4304 transitus
667 4256 712 4303 est.
766 4248 799 4302 13
815 4255 883 4301 utor
899 4250 929 4302 in
945 4265 1001 4302 ras.
1011 4247 1166 4318 scripsitd⁵
1222 4247 1254 4298 15
1271 4244 1368 4299 facere
1383 4250 1445 4312 post

304 4348 392 4384 causa
414 4333 521 4388 addunt
536 4351 593 4403 ny,
619 4351 674 4388 non
691 4350 748 4388 esse
764 4334 796 4387 in
812 4334 834 4388 1
852 4335 984 4388 adnotare
1000 4333 1079 4386 Koch
1097 4335 1195 4386 obiitne
1211 4337 1259 4396 est,
1285 4347 1334 4384 nec
1349 4329 1444 4383 addito

303 4431 372 4482 opus
389 4433 448 4471 esse
464 4419 550 4473 credo.
613 4421 645 4472 16
662 4418 793 4487 sapiente
810 4419 930 4472 nouauit
945 4425 994 4474 ant
1010 4421 1041 4472 in
1057 4434 1113 4472 ras.
1130 4420 1243 4486 scripsit
1258 4415 1293 4471 l⁵
1350 4415 1381 4468 17
1399 4417 1443 4468 est

285 4501 333 4552 .in
355 4501 409 4564 sine
431 4519 527 4558 nasas
551 4505 614 4558 add.
638 4504 689 4571 l¹;
715 4504 796 4558 initio
819 4507 951 4570 sepientis
974 4513 1071 4558 uersus
1094 4511 1157 4558 ante
1173 4501 1296 4556 nedum
1314 4501 1442 4567 scriptam

302 4609 363 4655 erat
381 4587 413 4685 liz,
431 4607 503 4672 quod
519 4609 604 4661 ausit
619 4610 678 4661 sine
695 4608 776 4660 dnbio
793 4607 830 4661 1ὁ
890 4607 922 4660 18
939 4613 971 4660 at
988 4607 1038 4676 qui
1055 4605 1088 4672 1;
1107 4607 1201 4672 nptias
1217 4605 1307 4658 uideri
1322 4603 1442 4669 fastan

297 4707 390 4771 posen
411 4725 542 4777 namque,
569 4727 623 4776 qua
642 4711 784 4776 particula
805 4725 873 4764 raro
895 4711 1000 4778 andem
1023 4711 1110 4764 ntitrn
1128 4707 1238 4775 Seneca,
1263 4723 1330 4760 nain
1354 4714 1442 4760 tamen

300 4798 342 4845 est
357 4809 397 4860 ep.
415 4795 457 4863 95,
474 4797 523 4863 64,-
549 4797 597 4849 sed
617 4796 743 4850 aniliter
759 4813 847 4864 snpra
860 4813 890 4864 p.
907 4798 968 4863 213,
986 4798 1004 4849 4
1022 4794 1104 4863 atqui
1120 4793 1252 4860 adtribuit,
1278 4793 1325 4846 nti
1343 4805 1441 4846 eamne

300 4876 436 4934 indicatio
454 4897 513 4936 arn
530 4880 674 4935 abieritne
690 4883 835 4936 coniuncta
853 4888 899 4936 est.
951 4881 1005 4936 hac
1022 4881 1058 4937 l⁵
1078 4881 1107 4948 (c
1124 4879 1155 4932 in
1171 4895 1225 4933 ras.
1243 4879 1361 4932 duanam
1378 4873 1438 4944 tin.)
