3144 5344
1213 385 1272 446 XV

118 589 234 648 ponere
275 570 474 648 supersedere
514 571 637 648 possim.
705 569 845 631 Ceterum
879 571 992 632 similes
1026 581 1114 634 notas
1147 574 1206 632 iam
1241 574 1270 632 in

119 672 288 751 archetypo
310 671 406 734 fuisse
429 673 499 733 inde
522 673 621 750 colligi
645 693 736 752 posse
751 673 888 750 uidetur,
912 675 994 751 quod
1016 675 1046 735 in
1069 676 1273 736 consolatione

119 776 160 834 ad
189 775 330 836 Heluiam
363 777 478 836 scholia
511 775 645 836 eiusdem
679 777 768 856 plane
796 778 932 854 generis,
967 779 1051 838 cuius
1081 787 1153 838 sunt
1180 779 1270 856 haec,

120 899 200 953 quae
223 879 257 936 Α8
278 878 436 954 debentur,
470 879 601 956 quadam
630 900 720 940 manu
742 880 897 959 adscripta
919 889 999 956 sunt,
1034 901 1111 957 quae
1133 880 1197 940 fieri
1221 883 1271 942 uix

120 989 226 1059 potest
252 983 325 1058 quin
352 982 419 1061 ipsa
447 1002 554 1042 manus
581 984 677 1062 prima
704 985 754 1060 sit,
788 1003 969 1059 quamquam
992 1003 1048 1061 ego
1070 984 1272 1045 subdubitans

120 1105 188 1144 eam
211 1084 288 1161 siglo
311 1081 384 1159 Α’(ἓ)
412 1080 583 1163 signaui;*)
617 1085 800 1146 credendum
822 1087 914 1164 igitur
936 1095 984 1146 est
1005 1087 1080 1146 haec
1103 1088 1271 1148 55551151ι

86 1187 92 1198 ’
119 1188 151 1246 in
174 1189 279 1265 primis
301 1189 387 1249 libris
409 1189 546 1248 consulto
569 1189 763 1266 praeteriisse
790 1185 862 1264 (nisi
884 1188 965 1265 quod
986 1209 1016 1267 p.
1043 1191 1113 1266 136,
1137 1193 1156 1249 3
1179 1211 1271 1250 unum

121 1309 225 1350 errore
247 1291 277 1349 in
300 1299 416 1352 textum
437 1287 574 1369 recepit),
599 1291 654 1352 sad
673 1293 706 1348 1³
728 1312 764 1352 ea
786 1311 823 1351 ex
846 1291 1004 1370 archetypi
1027 1294 1200 1372 apographo
1223 1295 1272 1354 uel

121 1395 289 1471 apographi
312 1395 485 1474 apographo
507 1395 671 1473 recepisse,
701 1395 732 1452 in
755 1395 836 1470 quod
858 1415 894 1454 ex
917 1395 1082 1474 archetypo
1104 1405 1273 1474 propagata

121 1505 235 1556 essent.
290 1497 387 1558 Notas
416 1508 469 1556 aut
495 1506 577 1557 certe
604 1505 722 1576 partem
754 1517 859 1558 earum
891 1517 951 1559 uon
978 1499 1120 1575 antiquae
1148 1500 1273 1576 originis

121 1619 191 1660 esse
214 1621 341 1676 errores,
365 1602 416 1677 qui
438 1602 468 1660 in
491 1602 529 1660 115
551 1601 753 1676 inueniuntur,
777 1609 807 1660 et
828 1602 977 1662 barbarus
999 1600 1150 1662 interdum
1171 1622 1270 1662 sermo

121 1700 169 1778 (ut
191 1725 221 1782 p.
247 1704 296 1778 10,
321 1700 352 1778 3)
373 1703 549 1762 ostendunt.

209 1806 297 1877 Quod
326 1807 365 1866 ad
392 1817 522 1866 ceteram
550 1827 656 1866 manus
678 1808 785 1868 tertiae
807 1827 930 1886 operam
952 1809 1070 1884 attinet,
1099 1809 1129 1868 in
1152 1810 1271 1868 uniuer-

123 1928 190 1968 sum
219 1909 277 1968 dici
305 1917 406 1987 potest
433 1929 541 1970 manus
564 1909 715 1970 secundae
739 1931 860 1988 operam
882 1911 1075 1970 continuasse
1098 1919 1129 1969 et
1151 1912 1271 1991 supple·

122 2012 220 2084 51555,
254 2032 323 2070 nam
351 2021 471 2090 praeter
497 2014 594 2091 prima
623 2013 843 2072 correctionum
870 2033 982 2090 genera
1004 2031 1096 2090 supra
1118 2035 1147 2091 p.
1170 2014 1203 2072 X
1225 2035 1271 2090 sq.

123 2123 364 2190 commemorata,
393 2135 470 2191 quae
492 2117 525 2174 ΑΞ
546 2116 671 2194 propria
692 2134 760 2175 5555
783 2116 933 2192 uidentur,
955 2117 989 2174 iu
1011 2116 1185 2194 deprauatis
1207 2136 1271 2176 cor·

123 2215 269 2292 rigandis,
291 2219 488 2295 superuacuis
505 2218 651 2294 delendis,
676 2219 795 2278 omissis
813 2217 991 2297 supplendis
1002 2219 1140 2278 similiter
1150 2229 1273 2280 uersata

124 2331 180 2377 est.
226 2318 287 2378 Sed
303 2320 360 2379 hoc
376 2322 505 2380 maxime
523 2321 822 2381 animaduertendum
841 2329 897 2396 ost,
920 2323 954 2379 1¹
966 2329 1018 2380 aut
1034 2341 1094 2380 non
1111 2331 1173 2380 tam
1184 2322 1272 2382 bonis

124 2422 155 2480 in
173 2422 349 2500 corrigendo
365 2423 526 2502 praesidiis
543 2445 633 2500 quam
651 2428 684 2485 Α*
702 2445 789 2486 usam
807 2443 875 2484 esse
893 2431 946 2483 aut
961 2423 1102 2483 licentius
1120 2425 1272 2483 5515555-

124 2525 248 2584 iecturis
258 2525 436 2600 indulsisse;
451 2535 512 2601 aut,
525 2529 605 2603 quod
617 2529 682 2588 ueri
690 2529 872 2589 simillimum
880 2546 948 2586 esse
957 2525 1145 2602 crediderim,
1157 2535 1272 2586 utrum·
1370 2601 1373 2610 .

125 2649 184 2703 que
206 2627 319 2688 factum
341 2636 398 2688 est.
442 2628 658 2692 Additamento
679 2631 813 2691 breuiter
834 2630 1062 2710 perlustramus,
1092 2649 1169 2706 quae
1191 2630 1272 2690 haud

125 2730 215 2790 dubie
232 2731 301 2792 huic
318 2733 481 2791 correctori
499 2733 656 2809 debentur,
681 2743 711 2794 et
728 2733 898 2794 uidebimus
915 2733 1066 2793 diuersam
1083 2751 1152 2792 esse
1169 2753 1271 2792 eorum

125 2834 279 2894 rationem.
324 2834 403 2895 Nam
420 2857 456 2895 ea
473 2836 686 2912 additamenta,
707 2857 784 2913 quae
796 2859 825 2915 p.
839 2837 890 2910 36,
905 2838 959 2910 12,
986 2836 1056 2910 173,
1069 2821 1200 2910 23'193,
1215 2838 1269 2910 17,

126 2938 197 3012 326,
210 2939 229 2994 5
242 2945 273 2996 et
287 2939 325 2996 13
337 2957 399 3014 sq.;
423 2941 495 3014 327,
514 2935 610 3016 23(7);
634 2941 706 3014 328,
729 2941 764 3012 8,
788 2940 860 3014 330,
885 2941 925 2997 18
943 2947 1115 3012 occurrunt,
1138 2959 1176 2998 ex
1192 2940 1271 2998 bono

126 3038 209 3099 fonte
219 3038 343 3100 fluxisse
355 3052 482 3120 apparet
492 3053 524 3102 et
534 3043 599 3102 sine
611 3043 702 3102 dubio
713 3041 886 3120 recipienda
898 3060 981 3114 esse;
995 3048 1100 3100 contra
1109 3041 1170 3100 iam
1180 3041 1271 3120 paulo

126 3141 285 3202 incertiora
308 3163 343 3202 ea
365 3144 475 3219 iudico,
499 3165 575 3221 quae
598 3146 720 3205 suntin
743 3165 773 3222 p.
786 3146 837 3220 47,
861 3146 880 3202 5
903 3140 971 3218 (cfr.
996 3163 1073 3219 quae
1092 3143 1179 3202 Stud.
1204 3143 1269 3202 crit.

126 3265 155 3320 p.
168 3247 209 3302 20
231 3244 394 3324 disputaui,
418 3248 614 3326 exemplaque
637 3247 788 3308 addantur
810 3266 847 3305 ex
860 3246 931 3306 Sall.
945 3246 1012 3323 Ing.
1026 3247 1077 3320 45,
1100 3248 1135 3310 2;
1160 3246 1210 3320 60,
1234 3247 1269 3320 4,

128 3349 176 3421 93,
205 3349 239 3422 4,
276 3351 346 3424 113,
376 3345 423 3425 2),
456 3372 486 3429 p.
511 3353 583 3426 314,
614 3353 647 3424 7,
682 3351 754 3426 326,
785 3352 813 3425 7,
847 3369 1028 3426 quamquam
1055 3347 1129 3407 haec
1152 3367 1270 3424 quoque

127 3451 225 3528 recepi
242 3449 326 3525 (item
343 3452 407 3512 fere
417 3474 448 3531 p.
462 3455 512 3528 37,
530 3449 578 3528 4),
598 3453 821 3526 additamentis,
839 3471 916 3528 quae
927 3472 957 3529 p.
972 3453 1043 3526 181,
1063 3451 1117 3524 16,
1140 3453 1211 3525 188,
1232 3453 1270 3509 18

127 3553 325 3631 reperiuntur,
348 3557 499 3634 scriptura
521 3556 635 3616 codicis
659 3563 801 3634 corrupta
821 3573 882 3614 non
904 3561 1084 3631 persanatur
1106 3551 1148 3628 (in
1170 3553 1270 3632 priore

128 3655 191 3714 loco
214 3657 304 3716 etiam
325 3659 412 3716 1555511
432 3660 541 3718 abesse
553 3659 690 3718 Kochias
713 3651 937 3736 praetemidit);
961 3655 1090 3731 denique
1112 3677 1142 3733 p.
1156 3656 1205 3731 75,
1229 3657 1270 3714 23

128 3757 361 3818 additamentum
383 3761 572 3838 apertissime
593 3759 705 3820 falsum
726 3760 881 3820 habemus.
933 3741 1271 3833 Coniecturas'quoque

129 3861 219 3920 falsas
230 3862 308 3922 hanc
319 3883 440 3923 manum
451 3883 512 3922 non
522 3883 590 3923 raro
602 3863 740 3922 intulisse
751 3861 899 3935 uidemus,
911 3859 996 3919 uelut
1007 3881 1036 3938 p.
1051 3861 1101 3935 16,
1114 3861 1148 3935 3,
1169 3861 1220 3934 26,
1233 3863 1269 3935 8,

130 3963 177 4038 46,
202 3965 254 4038 15,
279 3973 369 4041 atquo
386 3965 445 4024 huc
463 3966 616 4042 pertinent
633 3985 686 4025 eae
697 3966 891 4042 negationum
902 3964 1019 4036 turbae,
1044 3981 1119 4038 quas
1132 3963 1270 4022 Kochius

151 4264 179 4330 1)
197 4266 240 4320 Ex
264 4265 310 4320 his
333 4265 411 4322 notis
435 4265 560 4322 maxime
584 4284 618 4320 ea
642 4265 902 4321 animaduertenda
926 4273 980 4330 est,
1007 4283 1081 4334 quae
1105 4282 1131 4334 p.
1155 4266 1213 4332 398,
1239 4265 1271 4318 13

194 4351 347 4421 reperitur,
366 4369 431 4406 cum
449 4351 511 4406 eius
530 4351 698 4406 testimonio
716 4351 947 4406 additamentum
965 4357 1072 4416 textus,
1096 4369 1123 4419 q.
1142 4368 1165 4405 e.
1184 4350 1269 4415 licea,

194 4437 331 4503 firmetur,
359 4437 382 4490 si
401 4437 487 4491 modo
505 4435 648 4491 eiusmodi
666 4435 834 4491 testimonio
852 4443 932 4504 eget,
959 4454 1027 4490 nam
1044 4435 1101 4504 ipsi
1119 4434 1150 4491 1¹
1171 4435 1271 4490 deberi

194 4521 317 4578 uidetur.
362 4523 434 4576 Cum
459 4522 514 4576 hoc
542 4523 606 4576 loco
633 4522 843 4591 comparandus
871 4527 916 4575 est
942 4521 974 4586 15,
1002 4520 1052 4590 qui
1078 4521 1109 4575 in
1136 4521 1270 4574 ennead

194 4605 282 4662 Marc.
312 4609 351 4674 18,
377 4610 394 4660 9
421 4609 458 4676 (p.
479 4607 535 4672 193,
565 4609 607 4674 17)
634 4607 790 4672 inuenitur,
818 4605 946 4674 itemque
972 4607 1008 4660 de
1035 4605 1079 4660 ira
1105 4605 1159 4672 III,
1186 4607 1227 4672 38,
1253 4607 1271 4658 2
1356 4651 1359 4662 .

194 4693 231 4761 (p.
252 4693 307 4758 157,
325 4693 361 4760 t).
